1964 3638
323 170 454 243 128
781 176 1368 245 MURETI

309 284 528 340 Sanetus
553 284 771 355 Hymen
791 324 804 348 ‚
833 286 925 353 qui
959 284 1196 338 sedustas
1232 302 1262 337 a
1285 298 1454 336 matre
1487 283 1741 351 puellas

383 372 624 440 Abripit,
653 371 814 439 inque
850 371 957 424 viri
987 375 1217 424 collocat
1249 371 1358 440 ipse
1386 370 1503 422 finu
1537 369 1568 419 ἓ

311 461 382 514 At
404 475 462 512 tu
476 498 490 521 ‚
515 476 630 527 quae
655 458 713 509 in
733 475 819 510 me
843 458 1015 510 oculis
1038 458 1266 510 nimium
1286 457 1642 512 violentibus
1671 454 1782 507 usa
1803 459 1834 518 ‚‘

329 534 333 538 ’
386 545 542 596 Nunc
572 543 797 611 spolia'e
827 542 1008 596 nostro
1038 531 1289 614 sanguine
1314 544 1496 614 opima
1526 542 1719 594 refers
1738 541 1767 603 ,⁴

316 630 433 683 Hos
453 645 704 682 numeros
722 628 877 681 hilari
895 627 1061 700 (quid
1072 630 1217 681 enim
1237 628 1419 682 vetat?
1438 628 1684 696 >accipe
1702 628 1900 689 vultu,

389 717 456 768 Et
488 716 648 781 vide,
677 730 738 767 ut
771 714 832 769 in
858 716 1077 784 speculo
1098 752 1117 775 ,
1148 716 1275 785 quid
1305 730 1396 768 tua
1425 715 1611 767 forma
1650 727 1858 783 queat.

728 974 1253 1035 ELEGIA
1323 971 1461 1056 11.

334 1079 652 1196 anua
684 1157 816 1197 meae
852 1142 1093 1213 quisquis
1121 1140 1465 1197 deliramenta
1501 1137 1796 1208 iuventaeg

404 1228 471 1279 Et
504 1228 772 1297 specimen
800 1231 978 1284 tenuis
1002 1229 1219 1299 respicis
1250 1227 1452 1300 ingenii
1477 1246 1492 1281 t

334 1314 422 1367 Sic
457 1315 591 1381 tibi,
620 1316 659 1367 fi
696 1317 823 1385 quid
851 1334 994 1370 amas
1013 1354 1029 1381 ,
1067 1319 1272 1387 semper
1298 1318 1579 1389 contingat
1606 1316 1807 1380 amari.

346 1440 359 1447 -
408 1402 622 1472 Invidia
650 1419 848 1456 vacuus
872 1442 889 1467 ,
923 1404 962 1455 fi
994 1404 1130 1473 legis
1161 1404 1253 1457 ista
1274 1442 1289 1467 ,
1320 1406 1464 1475 legas
1489 1422 1507 1465 ;

336 1473 453 1543 Nec
483 1488 581 1540 tibi
612 1487 676 1541 fit
708 1489 867 1542 duros
897 1487 1088 1542 acuiffe
1127 1490 1184 1542 in
1213 1490 1446 1543 carmina
1483 1491 1670 1543 dentes
1696 1528 1716 1554 ‚

415 1573 662 1627 Carmina
694 1591 812 1642 quae
833 1575 1064 1644 propriis
1087 1576 1285 1645 scripfit
1310 1577 1477 1628 Amor
1504 1575 1776 1628 manibus.

342 1662 448 1714 Seu
468 1661 589 1713 sunt
610 1673 756 1728 grata
779 1658 877 1710 tibi
893 1696 908 1721 ,
933 1676 1035 1727 qua
1058 1662 1234 1714 fronte
1256 1660 1518 1730 placentia
1540 1664 1728 1730 culpes
1747 1660 1772 1712 ἒ

416 1746 523 1796 Seu
557 1743 764 1808 minus,
786 1744 969 1812 ecquis
1000 1760 1055 1798 te
1083 1747 1230 1817 cogit
1264 1763 1323 1800 ut
1353 1747 1443 1800 illa
1474 1750 1617 1817 legas
1638 1750 1665 1801 ἓ

345 1831 490 1885 Seria
519 1832 559 1883 fi
597 1830 786 1901 quaeris
807 1868 823 1893 ,
857 1848 969 1884 non
1006 1833 1126 1885 sunt
1164 1832 1254 1887 hic
1284 1834 1420 1887 seria
1441 1873 1457 1900 ,
1492 1834 1659 1888 lestor
1679 1852 1699 1887 t

417 1918 659 1970 Scribere
691 1933 982 1971 amatorem
1019 1920 1151 1972 seria
1184 1919 1330 1989 poffe
1359 1924 1549 1990 putas?

345 2008 463 2062 Nos
498 2006 646 2075 ignes
660 2005 926 2068 canimus,
962 2008 1116 2075 pueri
1152 2024 1254 2061 nos
1293 2011 1398 2062 tela
1428 2007 1661 2063 volantis
1679 2015 1706 2075 ,’

424 2091 627 2144 Omine
654 2108 767 2144 non
794 2090 962 2144 fausto
999 2092 1215 2162 cognita
1244 2097 1349 2148 tela
1374 2095 1510 2148 mihi
1538 2115 1555 2158 ;

350 2181 417 2233 Et
444 2179 713 2232 dominam
736 2219 751 2244 ,
776 2178 924 2244 cujus
951 2179 1043 2233 sub
1071 2197 1279 2232 amoena
1315 2182 1491 2236 fronte
1521 2185 1754 2237 relucent

427 2267 656 2320 Lumina
688 2264 898 2318 fidei-eis
930 2268 1118 2318 aemula
1150 2267 1470 2322 luminibus:

357 2355 581 2409 Lumina
607 2352 854 2406 materies
879 2351 1083 2405 ardoris
1114 2351 1347 2405 maxima
1382 2353 1547 2407 nostri
1571 2394 1587 2419 ,

429 2442 655 2496 Lumina
674 2479 690 2504 ‚
725 2442 842 2508 quae
877 2452 1112 2490 mentem
1141 2439 1437 2507 surripuere
1466 2441 1620 2494 mihi.

359 2530 491 2582 Haec
512 2545 616 2598 ego
640 2528 750 2578 sola
777 2540 961 2577 canam
977 2561 998 2582 ,
1020 2525 1145 2575 dum
1169 2523 1356 2577 florida
1377 2543 1474 2578 ver
1500 2542 1616 2597 aget
1635 2543 1754 2584 aetas
1775 2551 1794 2587 τ

435 2614 516 2665 Sit
537 2612 723 2681 procul
741 2609 866 2661 hinc
888 2609 1091 2678 tragico
1114 2610 1343 2678 syrmate
1366 2613 1521 2665 Musa
1542 2630 1762 2671 tumens.

362 2698 485 2753 Post
504 2737 519 2762 ,
542 2717 661 2753 mea
681 2713 804 2752 cum
823 2693 980 2748 multi
1001 2695 1321 2766 distinguent
1339 2700 1580 2766 tempora
1595 2701 1734 2769 mni,

437 2784 667 2843 Venerit
701 2784 755 2840 &
785 2782 1015 2841 tremulo
1045 2798 1206 2835 curva
1233 2783 1438 2840 senecta
1477 2786 1659 2858 gradu,
