1964 3638
370 168 1235 241 PRAEFATIO.
1430 190 1557 265 ¹23

69 310 117 352 ut
133 310 212 354 res
226 292 332 355 vel
347 292 423 353 ad
441 291 729 354 summum
751 291 1074 374 pervenisse
1099 291 1218 375 jam
1239 337 1259 367 ,
1278 292 1380 353 vel
1407 310 1567 354 certe

69 386 189 448 haud
215 391 299 449 ita
333 388 524 449 multo
551 386 682 469 post
723 404 1069 468 perventura
1110 386 1222 448 esse
1275 378 1576 451 videatur.'

72 478 203 542 Idem
227 484 290 541 in
331 484 529 565 lingua
552 482 753 543 Latina
774 483 1030 543 multum·
1046 482 1202 544 abest
1224 526 1245 557 ‚
1273 500 1337 544 ut
1368 483 1571 544 dicere

74 574 242 639 liceat:
286 579 351 637 in
393 597 511 659 qua
542 597 678 638 cum
709 598 783 638 ex
820 578 1118 637 veteribus
1158 576 1240 637 ab'
1266 576 1530 638 Ausonio
1550 622 1573 652 ‚

77 691 131 729 ex
159 671 574 733 recentioribus
615 691 650 731 a
683 669 981 732 Salmonio
1002 715 1024 743 ‚
1068 673 1136 734 &
1176 672 1298 732 aliis
1341 673 1571 732 duobus

77 762 194 825 forte
211 812 228 837 ,
264 783 365 826 aut
396 764 684 825 summum
706 765 886 826 tribus
919 763 1258 838 disceffeffl,
1281 784 1345 826 ut
1371 766 1570 827 Graeci

78 861 358 937 proverbio
400 860 599 920 dicunt
639 856 753 919 effe
788 859 1004 921 multos
1036 860 1272 941 quidem
1321 864 1423 943 qui
1459 863 1576 921 bo·-

81 973 161 1013 ves
199 954 533 1026 stimulent,
590 950 690 1013 sed
742 959 903 1013 ratos'
948 970 1199 1014 aratores
1225 999 1244 1029 ,
1295 957 1375 1014 ita
1421 956 1575 1015 dicas

79 1048 238 1111 licebit
256 1093 277 1124 ,
310 1049 535 1110 multos
558 1047 795 1129 quidem
826 1045 943 1107 effe
966 1050 1065 1128 qui
1103 1047 1302 1108 versus
1323 1047 1530 1109 faciant
1552 1086 1575 1124 ,

81 1142 160 1205 sed
175 1166 321 1206 raros
336 1189 356 1219 ,
371 1144 662 1225 planeque
695 1138 1091 1223 ἐυαριθμή-τκς
1117 1140 1215 1221 (ι)
1236 1147 1459 1222 poetas,
1480 1143 1580 1204 De

82 1239 134 1299 iis
152 1238 348 1321 loquor
366 1284 390 1311 ,
416 1240 516 1319 qui
540 1234 746 1317 scripta
769 1234 867 1294 sua
893 1236 954 1293 in
985 1234 1279 1315 publicum
1302 1237 1535 1297 edidere
1560 1257 1581 1297 t

81 1332 174 1395 scio
200 1336 354 1395 enim
392 1334 457 1395 &
496 1332 642 1392 alios
671 1327 781 1390 esse
811 1327 892 1388 sat
918 1329 1136 1389 multos
1156 1371 1176 1401 ,
1220 1330 1285 1391 &
1323 1331 1582 1411 inprimis

82 1448 192 1489 eum
219 1449 392 1511 quem
413 1426 580 1508 supra
600 1424 937 1497 nominavi,
956 1423 988 1485 J
992 1445 1241 1485 oannem
1257 1425 1540 1486 Auratum
1559 1470 1580 1498 ,

82 1524 269 1605 quivel
288 1522 441 1584 solus
459 1565 481 1594 ‚
509 1520 611 1582 vel
635 1520 924 1601 praecipue
949 1563 969 1593 ,
998 1516 1044 1576 fi
1065 1520 1296 1601 quando
1315 1520 1412 1582 sua
1442 1524 1587 1583 emi·

82 1618 228 1691 serit,
256 1615 559 1678 effefiiurus
579 1611 661 1674 est
684 1658 704 1684 ,
731 1633 804 1672 ne
834 1611 1070 1673 ulterius
1102 1610 1233 1675 suos
1272 1614 1583 1689 Jovianos,

85 1711 289 1782 Affios,
320 1708 536 1772 Molsas
556 1753 575 1781 ‚
597 1706 905 1768 Flaminios
935 1704 1114 1767 Italiae
1154 1709 1415 1771 invideat
1446 1711 1587 1772 Gal-

85 1810 164 1870 lia.
202 1808 348 1871 Cum
385 1808 556 1890 igitur
578 1849 597 1879 ,
635 1819 703 1866 ut
741 1800 820 1862 ad·
854 1801 1168 1864 institutum
1214 1806 1448 1868 redeam
1473 1852 1492 1880 ‚
1524 1808 1583 1867 in

88 1921 229 1964 tanta
256 1904 621 1986 ingeniorum
653 1899 946 1970 bonitate,
970 1899 1031 1956 in
1062 1915 1220 1960 tanto
1242 1900 1589 1962 (1οᾶἰῶωο-

91 2017 202 2057 rum
227 1999 479 2058 virorum
515 2009 805 2075 proventu
823 2033 843 2065 ‚
878 1993 938 2051 in
967 2009 1122 2053 tanta
1155 1995 1587 2057 adolescentum

92 2093 324 2174 poetices
354 2088 738 2153 studiosorum
770 2085 1138 2148 aemulatione
1161 2089 1485 2177 ,tquafique
1515 2093 1591 2149 ri-

89 2186 296 2248 valitate
315 2230 332 2259 ,
352 2200 569 2246 tantam
598 2185 901 2264 poetarum
925 2183 1210 2242 raritatem
1230 2182 1591 2243 animadver-

89 2297 192 2354 τος
223 2281 356 2341 nihil
390 2279 514 2339 fere
561 2276 714 2336 aliud
765 2273 1122 2336 comminisci
1176 2273 1401 2353 possum
1423 2316 1443 2349 ‚
1484 2274 1589 2336 nisi

87 2372 191 2436 esse
232 2375 507 2456 quandam
529 2415 547 2444 ,
585 2388 649 2431 ut
705 2385 1042 2429 caeterarum
1086 2386 1276 2426 rerum
1304 2412 1323 2440 ‚
1366 2370 1444 2427 ita
1480 2366 1593 2451 stu.

89 2469 303 2530 diorum
332 2486 566 2552 quoque
585 2461 1092 2545 tempestivitatem
1114 2505 1131 2534 ‚
1158 2458 1419 2544 statisque
1444 2483 1599 2543 quo-

90 2563 391 2625 dammodo
423 2562 558 2623 coeli
607 2555 1082 2621 conversionibus
1113 2555 1271 2629 fieri,
1302 2573 1365 2618 ut
1406 2558 1592 2619 modo

95 2661 151 2722 in
179 2659 282 2722 hac
301 2703 321 2735 ‚
353 2657 536 2720 modo
567 2656 642 2723 in
685 2653 786 2714 illa
831 2651 1096 2715 facultate
1132 2653 1279 2714 certi
1329 2651 1591 2717 homines

153 2796 229 2863 (ι)
269 2793 353 2847 Vel
377 2795 539 2861 digitis
562 2786 896 2844 numerandos.·
1130 2869 1172 2923 F
1208 2866 1241 2882 ..

1205 2886 1255 2938 ²1-
