1964 3638
285 633 288 637 Α
390 587 650 653 Quisnam
672 585 892 652 inquam
909 580 985 634 est
995 580 1223 650 ‘usquam
1241 618 1259 643 ‚
1279 576 1382 648 qui
1403 576 1445 629 fi
1462 574 1587 629 secli
1601 570 1743 626 semel
1755 563 1864 634 huius

399 237 426 282 1
440 234 532 303 42
857 208 948 277 M
1000 228 1055 279 v
1108 227 1157 277 n
1209 223 1270 290 Ε,
1324 222 1374 273 T
1426 218 1494 284 ι,
1559 273 1562 276 ,

385 323 674 394 Deprenfis
696 318 882 374 solitus
903 318 1130 374 blandiri
1151 318 1210 371 in
1234 315 1475 386 conjuge
1497 306 1738 376 moechisJ
1876 283 1878 346 Ὗ

388 413 454 465 Et
475 409 674 481 piperis
698 410 870 462 multo
893 408 1091 460 saturas
1114 403 1316 459 offerre
1337 405 1605 473 placentas
1622 437 1639 464 ‚
1876 365 1878 430 ⁴

389 502 536 553 Dum
557 496 750 567 refugit
777 495 918 548 rixas
937 531 954 559 ,
978 492 1308 561 vitandaque
1331 488 1509 559 jurgia
1532 484 1735 551 censet)

388 669 644 724 vividius
667 671 828 738 paulo
850 667 1041 722 faciem
1062 666 1367 719 confideret
1386 701 1403 728 ‚
1427 661 1507 714 ira

388 757 656 812 Abstineat
677 756 700 807 ?
719 771 845 809 cum
864 751 971 819 jam
1002 749 1253 821 opprefl'o
1276 747 1511 802 virtutis
1531 746 1751 806 honore,

390 846 598 914 Regnet
615 842 678 907 in
695 838 943 895 humanis
966 838 1230 892 vitiorum
1253 834 1486 889 infamia
1508 834 1673 885 rebus.

461 930 717 997 Improba
743 944 881 997 quos
912 924 1025 978 ludi
1048 924 1176 978 fecit
1200 923 1427 977 fortuna
1449 922 1699 988 choragos
1713 953 1727 978 ,

390 1013 702 1069 ‘Visceribus
721 1013 1051 1083 reliquorum
1066 1050 1083 1076 ‚
1108 1012 1161 1063 δι
1179 1009 1444 1080 sanguine
1467 1006 1631 1077 plebis
1651 1006 1837 1056 aluntutz
1877 995 1878 1006 ¹

395 1100 804 1170 Praeficiuntque
829 1100 935 1153 suis
958 1097 1087 1151 saevi
1107 1096 1414 1149 rationibus
1437 1134 1453 1160 ‚
1478 1094 1614 1146 haud
1634 1104 1750 1159 quos

398 1189 583 1260 Longa
603 1187 735 1241 fides
768 1186 898 1239 vitae
918 1223 934 1249 ‚
966 1186 1059 1237 vel
1093 1180 1341 1236 constans
1373 1181 1517 1234 fama
1545 1172 1782 1247 probarit,
1877 1191 1878 1202 ¹

398 1275 608 1327 Verum
630 1272 834 1343 aquilas
855 1273 908 1324 δι
927 1270 1196 1323 vulturios
1211 1307 1225 1332 ,
1250 1267 1349 1338 qui
1370 1268 1564 1320 rodere
1583 1259 1743 1315 norint
1859 1257 1878 1334 ’ἵ

401 1364 484 1426 Ad
505 1362 697 1416 vivum
713 1399 728 1424 ,
749 1374 909 1429 atque
927 1374 1093 1411 unum
1114 1373 1184 1409 ex
1206 1354 1469 1408 membris
1492 1363 1670 1422 augere
1687 1343 1845 1397 lienem·
1877 1403 1878 1428 Χ

474 1448 724 1519 Ringitur
746 1447 946 1499 interea
967 1444 1197 1513 populus
1224 1440 1391 1494 miser
1406 1480 1422 1506 ,
1450 1441 1503 1493 δι
1524 1449 1669 1507 prece
1690 1428 1841 1485 multa,

401 1534 776 1605 Nequicquam
797 1532 973 1585 surdas
996 1530 1265 1582 Divorum
1288 1529 1544 1581 verberat
1562 1536 1713 1575 aures.
1877 1573 1878 1596 Χ

472 1621 704 1674 Audisne
716 1621 827 1672 haec
846 1617 1083 1685 inquam,
1103 1614 1283 1685 magni
1305 1629 1466 1683 pater
1481 1600 1730 1666 Herculis?
1742 1591 1859 1651 audis?

403 1706 635 1774 Audisne
653 1743 668 1768 ‚
694 1722 762 1756 an
784 1701 985 1772 dormis
1006 1740 1022 1765 ‚
1045 1713 1112 1753 an
1133 1701 1364 1754 neflaris
1389 1698 1569 1754 ebrius
1586 1688 1745 1749 haustu
1760 1723 1774 1750 υ

405 1794 632 1847 Exerces
651 1789 836 1860 pofitis
860 1788 1065 1860 geniala
1092 1803 1335 1857 tempora
1356 1787 1501 1842 curis
1522 1783 1544 1836 ἔ

404 1883 534 1936 Non
554 1878 708 1931 aliter
731 1874 912 1929 nostri.
937 1874 1152 1928 Similes
1177 1875 1392 1928 fortaffe
1417 1870 1603 1928 tueris.

478 1967 609 2019 Haec
625 1962 848 2032 aliquis,
870 1963 1020 2015 sacro
1042 1978 1262 2014 cernens
1288 1961 1382 2030 qui
1408 1960 1649 2029 sulphure
1664 1955 1831 2021 quercus
1877 2008 1878 2017 ἵ

405 2053 500 2107 Nil
523 2051 735 2104 meritas
752 2087 768 2113 ,
798 2066 912 2101 non
939 2047 1173 2100 monstra
1198 2047 1289 2100 illa
1312 2047 1548 2101 exitiosa
1568 2083 1583 2108 ‚
1607 2036 1759 2097 feriri,
1877 2034 1878 2037 ¹

405 2144 474 2197 In
499 2138 698 2193 rabiem
725 2136 909 2190 versus
928 2173 946 2194 ‚
972 2134 1228 2202 furiisque
1254 2133 1485 2204 agitatus
1510 2126 1718 2187 amaris,

404 2226 719 2297 Insequitur
737 2223 938 2278 veteris
970 2239 1084 2275 non
1113 2222 1297 2274 sanum
1335 2222 1532 2293 dogma
1557 2204 1759 2270 Lucreti·

407 2315 498 2369 Sic
521 2313 621 2367 alia
638 2330 708 2366 ex
729 2311 850 2365 aliis
872 2310 1239 2363 incommoda.
1264 2308 1562 2374 Quomodo
1584 2300 1713 2357 enim
1727 2287 1834 2363 plebs

407 2400 523 2470 Ip'sa
545 2403 685 2454 colat
702 2398 884 2451 Divos
903 2437 917 2461 ,
944 2413 1068 2457 cum
1088 2412 1192 2448 vos
1211 2434 1228 2459 ,
1251 2395 1342 2464 qui
1362 2393 1584 2449 fulmine
1608 2390 1744 2441 bruto

407 2487 675 2557 stringitis
693 2485 752 2538 in
770 2483 966 2545 vestras
989 2483 1145 2537 ausos
1165 2482 1357 2536 mutire
1382 2481 1542 2535 tiaras
1556 2518 1571 2544 ,

405 2572 718 2642 Conspiciat
738 2570 902 2623 Divis
921 2570 1125 2640 ipfique
1145 2570 1409 2638 oppedere
1433 2560 1671 2620 Christo?

481 2661 631 2713 Anne
651 2658 781 2711 libet
809 2672 1019 2708 mecum
1046 2654 1312 2708 rationum
1333 2659 1590 2709 evolvere
1608 2636 1784 2702 libros?

410 2744 642 2801 Centum
662 2742 849 2801 lenoni
870 2740 1099 2796 sestertia
1118 2781 1134 2806 ‚
1167 2742 1313 2795 mille
1336 2742 1603 2795 Corinnae·

479 2831 592 2886 Hui
615 2837 629 2890 ι
653 2831 800 2888 mille
819 2829 1008 2887 infami
1028 2827 1273 2886 scortiuo
1291 2830 1315 2884 ἓ
1333 2829 1505 2885 desine
1517 2865 1535 2896 ,
1552 2817 1746 2897 pulchra
1760 2800 1831 2864 est·
