1964 3638
320 206 1226 288 EPIGRAMMA'TA.
1454 240 1544 312 7¹

191 315 330 369 Salve
346 349 362 377 .
385 316 692 374 Aristoteles
712 360 730 386 ,
770 323 922 377 Plato
944 363 960 390 ,
994 327 1233 390 Timaee3

190 402 249 453 Et
269 411 369 455 vos
387 403 424 456 ὂ
443 404 635 475 reliqui
652 447 666 472 ‚
698 409 888 477 quibus
909 429 1158 483 negatum
1178 416 1254 470 est

185 488 370 541 Includi
402 493 637 546 numeris
674 494 1102 559 Phaleuciorum.

193 573 361 628 Cuncti
383 577 612 649 denique
639 598 742 636 vos
754 619 774 641 ‚
794 584 904 637 mei
923 585 1091 641 libelli
1107 628 1126 655 ‚

193 661 442 718 Salvetote
456 703 474 729 ,
508 664 806 738 iterumque
827 709 843 735 ,
863 673 1184 745 tertiumque
1198 713 1219 743 ‚

193 746 342 816 Atque
372 752 547 804 audite
570 770 745 807 meam
772 758 1155 824 precationem.

192 832 295 886 Hoc
322 852 447 906 ergo
482 855 673 906 precor
692 879 708 905 ,
743 841 780 894 ὃ
819 844 928 897 mei
956 845 1162 908 libelli,

191 919 254 971 Ut
275 938 337 975 ne
365 926 525 994 longa
554 925 690 979 mihi
720 945 872 982 mora
904 931 996 984 illa
1016 933 1198 1001 (senis

190 1006 307 1059 Nam
327 1026 355 1060 a
374 1011 527 1063 vobis
553 1016 744 1079 procul
763 1015 905 1068 abfui
930 1017 1113 1071 diebus
1136 1019 1159 1085 )

191 1089 325 1145 ohfit
341 1132 356 1158 ,
393 1097 679 1164 quominus
701 1099 1041 1173 undiquaque
1065 1105 1162 1158 tali

193 1176 300 1231 Sitis
323 1179 379 1232 in
404 1198 505 1254 me¹
522 1183 706 1237 animo
736 1187 790 1239 &
810 1188 998 1243 favore
1029 1193 1277 1262 deinceps
1299 1199 1320 1259 ,'

195 1262 329 1329 Quali
352 1304 368 1331 ,
395 1269 515 1321 dum
543 1269 914 1338 proficiscerer
930 1309 952 1334 ‚
976 1275 1146 1329 fuistis
1160 1313 1178 1341 ,

193 1349 427 1407 Nimirum
448 1355 699 1425 facilique
730 1357 1090 1430 candidoque.

195 1435 334 1501 Quod
360 1440 398 1493 fi
426 1440 572 1494 istam
601 1442 736 1495 mihi
765 1444 1213 1515 supplicationem

194 1520 298 1577 Vos
327 1527 673 1582 concesseritis
691 1566 707 1592 ,
727 1530 837 1583 mei
859 1531 1026 1588 libelli
1043 1573 1060 1598 ,

196 1608 250 1659 Id
279 1612 415 1666 vobis
444 1630 663 1684 quoque
700 1616 999 1683 pollicebor
1028 1616 1142 1689 ipse
1162 1656 1181 1685 ,

197 1694 306 1747 Non
317 1714 390 1752 me
400 1716 553 1752 unam
563 1702 941 1756 hebdomadam
952 1708 1159 1775 procul,
1172 1704 1301 1777 quid
1314 1704 1336 1760 ἒ
1352 1705 1521 1764 immo

196 1784 307 1838 Non
323 1786 446 1842 diem
464 1791 651 1860 procul
671 1789 887 1846 unicum
912 1796 1231 1853 abfuturum.

190 1869 323 1936 Quid
339 1873 499 1930 diem?
525 1876 695 1929 immo
712 1895 813 1930 nec
831 1880 1077 1934 horulam
1091 1921 1106 1947 ,
1134 1883 1303 1938 immo
1321 1889 1526 1941 nullum

194 1953 419 2014 PunQum
446 1962 705 2032 temporis
734 2002 752 2028 ,
794 1979 856 2017 ut
885 1966 1016 2021 libet
1041 1968 1317 2037 pusillum.

332 2078 497 2171 'AD
579 2109 1215 2193 sonALEs,

103 2201 152 2266 'le
182 2208 466 2277 Melchion‘s
503 2219 773 2280 Volmarii
803 2262 824 2292 ‚
863 2225 1196 2303 praeceptoris
1230 2225 1474 2309 carifflmt'

460 2327 696 2389 adventu
724 2325 784 2385 in
822 2326 1092 2391 Galliam·

216 2475 221 2479 '
253 2467 459 2536 Audite,
495 2474 531 2528 ὃ
556 2472 727 2543 lepidi
759 2470 870 2526 mei
899 2472 1120 2528 Sodales
1140 2512 1157 2540 ‚

194 2550 286 2605 Ter
306 2555 507 2613 suavem
541 2575 699 2630 atque
717 2559 942 2613 hilarem
965 2561 1318 2625 locutionem.

192 2634 273 2692 lue
304 2641 604 2699 volmarius
628 2686 640 2708 ‚
677 2644 785 2698 mei
823 2644 859 2697 ὂ
897 2646 1116 2701 sodales
1139 2686 1157 2713 ,

192 2722 537 2796 Integet-rimus
567 2731 810 2785 omnium
839 2729 1081 2785 virorum
1098 2771 1117 2800 ‚

191 2804 274 2866 me
300 2814 603 2874 volmarius
628 2818 794 2874 modo
814 2815 888 2872 est
909 2818 1175 2877 reversus·
