1964 3638
421 255 556 322 140
672 233 1125 305 Mune-tt
1199 236 1640 303 Ezfiotae.

412 346 500 399 Sic
521 363 623 416 ego
645 347 738 398 fim
758 384 773 410 ,
791 347 1054 415 liceatque
1075 344 1210 398 mihi
1228 384 1244 409 ,
1270 361 1393 398 mea
1417 339 1635 411 Margari
1653 376 1668 403 ,
1688 348 1815 390 tecum

486 434 612 484 Non
633 433 738 485 alia
760 434 927 485 vitam
952 433 1325 486 ducere‘sorte
1355 446 1546 484 meam.

414 518 486 569 At
506 532 563 569 tu
577 558 593 582 ,
614 533 870 587 quantum
892 518 950 570 in
970 532 1024 570 te
1047 518 1118 570 est
1134 556 1148 581 ,
1170 516 1286 571 alio
1314 535 1419 570 nos
1440 518 1619 569 ducere
1637 515 1794 573 tentasj

442 669 445 672 Ἴ
485 603 794 673 Astraeaeque
815 605 964 674 sequi
988 605 1206 657 numina
1223 643 1238 668 ,
1262 606 1414 657 Vere
1431 640 1450 661 ‚
1472 601 1629 666 iubes.

412 688 506 750 Et,
530 688 655 757 quid
674 727 689 752 ,
709 689 791 742 ais
806 728 821 753 ,
841 690 1021 759 quaeso
1039 730 1054 753 ‚
1079 691 1235 743 molli
1260 689 1363 743 tibi
1387 687 1612 741 carmine
1635 680 1830 754 quondam

486 774 725 827 Proderit
744 789 833 828 aut
854 776 1104 828 homines
1123 814 1138 839 ,
1157 791 1250 829 aut
1273 773 1528 828 ceciuiffe
1546 773 1679 823 Deos
1696 768 1713 818 ἒ

411 860 629 914 Scilicet
652 875 711 913 ut
727 898 746 922 ,
768 862 871 915 toti
898 846 1064 916 fueris
1094 879 1213 915 cum
1247 862 1433 915 fabula
1461 862 1619 928 vulgo
1635 894 1650 920 ,

487 947 730 1017 Cumque
758 948 859 1002 erit
895 950 952 1001 in
988 952 1145 1003 vultu
1173 947 1414 1017 plurima
1446 961 1571 1015 ruga
1599 956 1706 994 tuo:

412 1035 645 1088 Fortiter
677 1035 906 1099 esurias,
938 1049 999 1088 ut
1032 1051 1086 1089 te
1115 1037 1250 1088 mala
1279 1049 1446 1105 cogat
1467 1028 1655 1103 egestas

487 1123 662 1175 Multa
682 1123 826 1191 pati,
846 1122 991 1175 ‘forti
1020 1138 1133 1175 non
1162 1121 1419 1191 patienda
1443 1119 1600 1177 vir03

413 1207 611 1261 Sectari
648 1211 853 1266 mensas
872 1249 886 1273 ‚
924 1211 1110 1262 blande
1138 1212 1414 1277 appellare
1448 1217 1710 1277 potentes,

486 1296 706 1349 Tollere
735 1296 976 1351 mentitis
1003 1291 1242 1350 laudibus
1273 1295 1410 1349 astra
1435 1295 1607 1361 super.

412 1382 577 1448 Quod
607 1383 708 1436 nist
745 1384 1007 1453 defiperes
1025 1422 1041 1447 ‚
1075 1398 1290 1451 poteras
1317 1383 1378 1434 in
1411 1384 1532 1434 luce
1558 1371 1726 1431 fotenfi

488 1468 704 1521 Versat-i
722 1507 738 1532 ‚
780 1472 1065 1524 &laudem
1101 1486 1335 1537 quaerere
1360 1508 1378 1534 ‚
1415 1466 1640 1535 opesque
1666 1454 1760 1511 tibi·

414 1553 618 1607 Excute
651 1556 871 1624 decepta
907 1557 1156 1610 blandum
1188 1556 1253 1607 de
1296 1568 1485 1607 mente
1515 1553 1746 1605 furorem,

491 1639 603 1705 Qui
641 1628 737 1692 tibi
761 1677 777 1702 ‚
814 1638 868 1690 ni
904 1656 1092 1692 caveas
1118 1678 1134 1703 ‚
1169 1638 1508 1708 perniciosus
1541 1633 1655 1689 etit.

416 1722 664 1780 Advertit
684 1727 856 1778 tardas
884 1726 977 1795 qui
995 1725 1142 1779 tecta
1169 1727 1519 1780 monentibus
1543 1735 1704 1780 aures,

488 1810 729 1865 Exitium
753 1814 972 1866 demens
1005 1813 1220 1867 fabricat
1255 1813 1370 1882 ipse
1408 1812 1521 1866 fibi.

412 1897 555 1968 Ergo
582 1915 687 1968 ego
722 1914 781 1951 ut
805 1901 996 1953 hirsuti
1027 1901 1251 1954 verbosa
1282 1900 1570 1953 volumina
1589 1884 1715 1946 Baldi

487 1986 562 2037 Ut
588 1985 787 2038 discam
821 1989 967 2057 leges
991 2025 1006 2050 ‚
1040 1988 1069 2042 J
1074 1986 1329 2040 ustiniane
1352 2026 1370 2052 ,
1411 2001 1528 2039 tuas
1555 1985 1576 2036 ἓ

414 2070 695 2124 Dediscam
719 2072 890 2125 teneri
914 2074 1275 2126 modulamina
1302 2075 1495 2125 blanda
1513 2060 1758 2133 Properti2'

491 2157 774 2210 Dediscam
796 2175 1049 2211 numeros
1070 2198 1085 2223 ,
1112 2162 1250 2212 culte
1272 2159 1487 2212 Tibulle
1506 2194 1524 2216 2
1554 2151 1699 2206 1⁰0⁵!

419 2243 505 2296 Ah
527 2246 540 2296 l
563 2259 777 2311 peream
807 2245 956 2312 prius
976 2283 993 2308 ,
1024 2246 1077 2298 δι
1099 2245 1244 2299 saevo
1266 2262 1353 2298 me
1377 2243 1599 2298 fulmine
1617 2232 1781 2290 tactum

494 2328 692 2382 Trudat
715 2329 775 2383 in
792 2331 1036 2384 obscuras
1057 2331 1265 2399 Jupiter
1288 2329 1401 2399 ipse
1427 2333 1635 2384 domos·

422 2417 602 2484 Quam
626 2416 815 2471 melius
836 2421 1015 2472 dulces
1036 2419 1264 2471 dominae
1290 2419 1349 2470 in
1375 2411 1726 2486 complexibus
1748 2408 1862 2456 ΨΜ

496 2503 731 2564 Ponere,
756 2505 809 2556 δι
835 2504 893 2556 in
920 2520 1044 2556 caro
1074 2506 1210 2573 saepe
1240 2504 1409 2570 jacere
1429 2505 1576 2556 fiuu!

420 2586 1055 2660 Dispeream,fi'quicquid
1068 2591 1293 2658 opum,fi
1308 2589 1557 2661 quicquid
1571 2563 1866 2640 honorumestae

496 2678 545 2729 A
563 2693 754 2749 genere
772 2678 877 2729 hoc
897 2675 1026 2730 vitae
1052 2692 1138 2729 me
1160 2693 1413 2731 revocare
1429 2673 1620 2746 potest.

726 2832 1305 2890 ELEGIARUM
1356 2830 1638 2888 FINIS·
