1964 3638
387 250 475 332 52

821 233 884 300 T
921 251 1007 301 H.
1105 230 1168 299 B
1215 249 1265 299 E
1315 248 1367 299 z
1416 245 1484 299 A:

594 339 701 395 Dic
727 340 862 394 mihi
881 379 899 407 ,
932 342 1247 412 Cytheraea:
1277 340 1397 402 dic,
1433 337 1663 408 Apollot

521 429 658 493 Dic,
684 427 905 481 Hermes
927 446 944 482 z
978 427 1115 480 mihi
1138 426 1298 481 dicite
1317 465 1334 491 ,
1366 424 1403 477 ὃ
1433 423 1747 485 Camoenae,·

524 516 634 567 Cur
655 512 888 566 nostrum
901 548 919 572 ,
956 530 1092 583 rogo
1112 550 1128 577 ‚
1162 530 1258 566 cur
1280 528 1456 564 meum
1474 510 1753 564 Macutum

519 598 649 652 Paffi
678 598 799 652 estis
838 599 1069 668 perimi?
1098 600 1181 651 An
1218 598 1393 651 minus
1427 612 1638 651 remoto

517 687 596 738 Ut
629 684 850 754 poffetis
882 701 953 738 eo
984 684 1088 738 frui
1106 722 1123 748 ,
1152 685 1210 737 in
1235 687 1478 736 Deorum

516 770 784 836 Adiuncto
813 787 1096 824 numerum
1125 771 1178 823 δι
1210 766 1554 824 beatitatem?

515 856 639 909 Tali
671 857 861 926 dignus
882 873 998 910 eras
1013 894 1034 920 ,
1057 856 1327 926 Olympe,
1350 854 1504 910 cive:

519 940 641 994 Tali
673 941 862 1010 dignus
882 957 997 993 eras
1019 942 1183 993 domo
1201 976 1218 1002 ,
1251 938 1485 992 Macute.

592 1027 841 1091 Habetis,
869 1026 1059 1096 Superi
1075 1063 1092 1089 ,
1117 1025 1226 1078 mei
1259 1023 1462 1077 Macuti

517 1115 679 1166 ‘Nunc
714 1112 951 1165 divinam
977 1111 1246 1170 animam3
1279 1123 1332 1162 at
1361 1108 1543 1163 reliaa
1564 1103 1726 1162 tertis

519 1199 701 1252 Moles
726 1214 981 1266 corporea
1000 1233 1016 1261 ‚
1042 1196 1135 1250 illa
1166 1213 1322 1265 quam
1343 1195 1552 1248 Macuti

518 1283 787 1338 Divinum
811 1283 1087 1355 ingenium
1119 1283 1387 1337 incolebat
1412 1282 1568 1336 olim.
1655 1280 1658 1283 ’

518 1371 643 1423 Vos
672 1383 849 1423 curate
883 1370 1144 1433 animam,
1173 1367 1271 1420 Dii
1290 1405 1307 1429 ,
1339 1368 1578 1437 Deaeque
1595 1383 1616 1422 ε

516 1454 689 1509 Nobis
717 1455 959 1523 corporis
998 1453 1071 1507 est
1103 1454 1339 1506 habenda
1377 1469 1522 1508 cura.
1607 1478 1616 1483 ·

519 1542 643 1595 Hoc
671 1539 907 1594 dicamus
926 1540 980 1593 ei
999 1540 1329 1609 sepulchrum
1351 1538 1508 1594 inane
1526 1559 1545 1601 ς

519 1625 658 1681 Hei!
687 1642 782 1677 cur
805 1641 916 1677 non
953 1625 1080 1677 licet
1108 1641 1356 1694 apparare
1375 1642 1564 1679 verum
1585 1623 1610 1676 ἓ

591 1709 730 1762 Audi
752 1725 891 1761 nunc
907 1747 924 1772 ‚
957 1709 1258 1778 ubicunque
1287 1712 1360 1765 sis
1378 1750 1394 1777 ‚
1416 1713 1637 1767 Macute
1661 1730 1678 1769 =

522 1794 651 1850 Sive
685 1811 808 1848 cum
838 1794 978 1850 Jove
1009 1811 1151 1848 nunc
1181 1794 1372 1862 jocaris
1392 1814 1528 1864 una,

518 1884 599 1935 Ut
634 1882 762 1935 coeli
791 1898 970 1935 novus
1002 1881 1181 1934 incola
1215 1883 1268 1934 δι
1306 1886 1573 1947 colonus;

521 1967 651 2021 Sive
682 1983 735 2021 te
772 1966 955 2036 potius
977 1983 1180 2021 novem
1204 1969 1458 2030 Sorores,

521 2052 896 2123 Parnaffusque
927 2067 1075 2106 tenet
1097 2052 1329 2106 bicornis
1345 2091 1364 2113 ,
1391 2056 1535 2111 audi.

519 2141 602 2193 Te
635 2138 829 2194 vivum
862 2138 999 2192 mihi
1017 2138 1263 2192 sustulere
1289 2139 1393 2193 fata
1410 2178 1428 2204 ‚

520 2225 828 2280 Extinaum
851 2241 1066 2293 quoque
1085 2223 1334 2278 sustulere
1354 2225 1478 2281 fata.

520 2311 686 2378 Quod
719 2326 886 2364 unum
917 2309 1076 2373 licet,
1107 2309 1193 2363 his
1222 2325 1318 2363 tuo
1355 2315 1645 2381 quotannis

470 2444 475 2448 .
522 2399 677 2452 Pares
711 2396 925 2450 inferias
952 2397 1089 2450 dabo
1123 2396 1403 2467 sepulchro
1425 2437 1443 2465 ,

522 2487 601 2539 Ut
630 2499 756 2537 meo
786 2483 972 2551 Pyladi
993 2516 1010 2539 2
1044 2498 1273 2552 meoque
1305 2486 1517 2541 Achati.

530 2569 620 2623 sic
639 2607 657 2632 ‚
688 2566 781 2636 qui
806 2566 932 2619 finis
953 2567 1058 2620 erit
1092 2568 1228 2621 mihi
1264 2572 1516 2639 loquendi
1534 2609 1554 2635 ,

528 2653 781 2709 Deflendi
802 2653 934 2707 mihi
963 2652 1089 2707 finis
1120 2653 1195 2708 est
1222 2656 1428 2710 futurus

529 2741 609 2796 Te
631 2778 648 2807 ,
679 2757 860 2800 meum
877 2740 1129 2812 Pyladem
1149 2776 1168 2807 ‚
1197 2756 1479 2817 meumque
1496 2743 1766 2803 Achaten·
