1964 3638
402 200 599 276 ιφ·
740 185 1054 258 v'THJ
1127 187 1189 256 B
1242 207 1292 256 E
1345 187 1556 258 ΖΕ

398 298 531 350 Sive
554 310 741 366 graves
772 299 991 352 obscura
1022 298 1154 353 mihi
1183 315 1301 352 nox
1337 297 1519 351 claufit
1547 296 1780 357 ocellos}

454 383 625 435 ,Tunc
652 400 866 454 quoque
893 401 1014 439 cum
1045 386 1248 451 iaceam
1278 384 1647 453 semisopitus,
1669 397 1808 435 amo.

398 465 503 519 Seu
522 467 696 538 vigilo
711 507 727 532 ‚
752 485 945 537 praeter
963 470 1164 524 nostras
1188 472 1264 523 nil
1288 471 1473 540 cogito
1496 468 1757 522 flammas:

472 552 703 606 Candida
723 555 1013 609 luminibus
1037 557 1288 626 proxima
1309 557 1424 609 sola
1448 556 1606 609 meis.

394 635 504 690 nei
532 639 701 704 mihi,
726 656 843 710 quae
869 655 1039 710 nuper
1071 642 1228 695 nobis
1257 640 1533 694 insomnia
1559 638 1697 693 misit

471 724 565 776 Ille
597 742 759 793 puer,
784 729 996 795 quantis
1031 728 1151 780 lufit
1185 726 1508 796 imaginibus
1535 730 1548 780 l

395 809 510 862 Nec
538 810 713 880 piguit
738 812 971 877 nostrum
1005 814 1210 880 populo
1239 826 1453 864 narrare
1471 812 1742 869 furorem,

471 899 537 950 Et
564 899 827 953 Phoebum
857 901 921 953 in
936 900 1158 952 somnos
1185 898 1477 953 sollicitare
1506 914 1676 951 meos.

397 984 616 1060 Quippe
632 987 792 1038 etiam
808 987 918 1038 haec
941 986 1098 1039 nobis'
1113 986 1311 1038 nevere
1330 984 1672 1038 incommoda
1686 972 1863 1042 Pat‘cae,

472 1072 736 1141 Nequitiae
768 1070 892 1123 fiam
925 1071 1069 1123 testis
1098 1086 1158 1123 ut
1186 1072 1295 1139 ipse
1326 1087 1482 1122 meae.

397 1156 460 1207 Id
484 1169 660 1208 tamen
683 1158 938 1223 exemplo
958 1155 1120 1208 liceat
1138 1154 1319 1208 feciffe
1341 1154 1586 1208 Tibulli:

471 1241 554 1294 sic
582 1241 821 1294 Nemefis
850 1241 1088 1294 flammas
1106 1280 1122 1304 ‚
1154 1244 1298 1294 culte
1330 1241 1546 1293 Tibulle
1568 1277 1587 1302 ,
1610 1233 1768 1291 canis·

399 1329 638 1399 Cynthia
659 1316 795 1397 stirpe
828 1329 927 1394 tibi
949 1329 1028 1381 sir,
1051 1327 1124 1381 est
1143 1342 1351 1380 cant-ata
1367 1364 1383 1390 ,
1411 1324 1652 1395 Properti
1672 1341 1704 1383 ·,«

472 1416 559 1468 Sic
582 1413 655 1467 est
677 1413 875 1466 Nasoni
897 1413 1034 1465 dicia
1059 1413 1293 1465 Corinna
1316 1413 1435 1466 suo.

400 1500 477 1553 1-1i
500 1515 681 1554 ,tamen
703 1514 957 1553 arternum
979 1514 1285 1551 meruerunt
1306 1497 1545 1552 carmine
1570 1505 1787 1548 nomena

464 1586 546 1638 Di
567 1586 788 1643 faciant,
810 1585 998 1653 possim
1021 1584 1138 1652 post
1161 1601 1280 1638 mea
1302 1587 1411 1638 fata
1430 1584 1559 1654 legi.

394 1669 610 1722 Scilicet
632 1671 734 1721 hoc
755 1686 918 1721 unum
941 1668 1149 1722 nostros
1172 1671 1373 1724 solatur
1396 1686 1604 1723 amores
1625 1686 1645 1728 ὅ

474 1756 594 1808 Hoc
615 1755 738 1807 facit
760 1770 819 1807 ut
840 1757 1044 1825 placeat
1059 1793 1075 1819 ,
1102 1772 1218 1824 quae
1241 1757 1380 1810 mihi
1399 1757 1613 1809 flamma
1633 1760 1800 1815 nocet-

400 1841 527 1896 Sive
546 1857 726 1894 autem
757 1843 811 1895 id
833 1842 988 1895 nobis
1009 1842 1235 1896 veniens
1260 1842 1574 1898 concefl‘etit
1595 1854 1714 1894 aetas
1731 1872 1749 1900 ‚

472 1929 579 1980 Seu
606 1943 692 1979 me
716 1945 835 1997 quae
858 1929 1081 1998 vulgum
1108 1929 1214 1982 sata
1243 1929 1431 1983 severa
1461 1940 1674 1983 manent
1692 1942 1709 1977 z

398 2012 491 2067 sic
512 2014 693 2066 saltem
726 2013 916 2066 vixiffe
945 2013 1112 2073 mihi,
1134 2028 1187 2067 te
1215 2015 1341 2070 teste
1364 2055 1382 2081 ,
1413 2013 1674 2085 placebit,

478 2087 737 2166 Exemplo
766 2114 826 2152 ut
852 2099 1008 2152 fieres
1032 2099 1239 2154 cautior
1262 2101 1379 2169 ipse
1406 2097 1552 2156 πἰεο.

402 2185 618 2252 Quippe
635 2219 647 2244 2
663 2199 749 2236 aut
762 2185 916 2236 fallor
928 2201 1032 2254 ego
1044 2224 1063 2249 ‚
1081 2199 1171 2238 aut
1185 2186 1396 2241 nostros
1409 2206 1531 2242 cum
1546 2185 1723 2256 legeris
1735 2179 1880 2250 ignes»

478 2271 542 2321 Et
566 2286 683 2321 mea
707 2286 828 2321 cum
849 2269 1008 2321 fuerit
1031 2270 1143 2321 sors
1165 2271 1300 2323 bene
1319 2288 1457 2327 nota
1480 2273 1577 2326 tibi
1596 2310 1614 2340 ‚4

396 2358 623 2411 Sedulus
645 2357 748 2408 hoc
769 2354 1015 2424 deinceps
1037 2395 1053 2419 ‚
1078 2357 1129 2409 &
1147 2370 1263 2408 tota
1282 2351 1465 2412 mente
1484 2355 1691 2412 cavebis
1707 2388 1727 2414 ι

476 2446 556 2497 Ne
580 2443 733 2496 fimili
759 2461 964 2497 mecum
988 2444 1052 2497 fis
1077 2443 1285 2497 ⁴ratione
1309 2446 1488 2501 miser.

402 2531 589 2587 Nostra
604 2530 804 2583 utinam
820 2531 918 2582 tibi
932 2530 1143 2582 flamma
1154 2531 1286 2583 ferat
1300 2546 1383 2584 tot
1394 2531 1672 2586 commoda
1683 2564 1701 2592 ‚
1716 2520 1858 2580 1εᾶοῐ

474 2617 631 2690 Quot
656 2614 799 2670 dedit
819 2612 1025 2669 austori
1047 2616 1279 2670 maxima
1298 2618 1486 2671 damna
1508 2617 1623 2670 suo.

1809 2828 1879 2887 ΙΝ
