1964 3638
384 178 533 254 ‘130
865 166 1159 234 Mssa
1213 182 1267 232 ε
1328 162 1467 233 Τί

388 270 542 324 Tunc
569 279 683 343 ego*
704 282 998 343 purpureos
1029 275 1223 344 poffim
1252 290 1603 329 contemnere
1630 290 1761 343 reges

430 361 435 366 '
466 359 683 428 Praeque
718 378 833 414 mea
857 363 970 415 sors
994 361 1067 415 est
1088 400 1104 427 ,
1136 364 1322 419 dicere
1343 402 1359 427 ,
1383 362 1554 416 vestra
1583 361 1736 414 nihil:

394 445 452 497 Si
482 463 567 498 me
603 448 896 502 candidulis
924 449 1218 503 incinctum
1241 488 1261 511 ‚
1296 451 1419 504 vita
1444 489 1461 515 ,
1492 447 1691 505 lacertis

469 530 528 581 In
554 531 737 599 tepido
762 547 940 587 teneas
960 574 974 600 ‚
1010 537 1421 607 confoveasque
1443 536 1591 601 finus

396 617 491 669 Me
521 634 659 671 nunc
682 621 900 674 mellitis
924 624 1165 676 mulcens
1186 624 1538 677 sermonibus
1558 661 1575 687 ,
1598 622 1649 675 &
1667 634 1784 671 nunc

471 702 750 758 Continuo
786 706 913 761 fixis
941 708 1140 778 impete
1168 710 1392 763 bafiolis
1413 750 1430 775 ‚

395 789 673 843 Semotum
696 791 914 863 strepitu
929 834 945 859 ,
969 796 1316 867 dominaeque
1340 795 1654 849 tumultibus
1672 787 1819 853 urhis,

387 881 391 886 ’
469 876 783 932 Vei-sautem
809 881 991 936 valido
1015 885 1234 954 pinguia
1262 901 1393 938 rura
1421 886 1587 937 bove.

399 963 488 1016 Sic
515 979 694 1017 tecum
712 1006 729 1032 ,
764 985 883 1021 mea
913 972 1010 1023 lux
1029 1009 1046 1036 ,
1082 971 1211 1025 vitae
1240 967 1521 1025 traductus
1548 966 1697 1022 inerti

473 1051 679 1106 Vivere
712 1053 752 1106 fi
776 1054 964 1123 poffim
989 1096 1005 1121 ‚
1037 1059 1113 1111 nil
1149 1059 1302 1128 prius
1341 1056 1453 1112 effe
1484 1070 1682 1127 putem.

402 1140 606 1191 Tecum
627 1155 730 1210 ego
750 1158 847 1210 per
868 1157 1081 1197 montes
1101 1184 1117 1209 ‚
1142 1160 1325 1199 tecum
1348 1163 1453 1215 per
1475 1143 1627 1197 devia
1645 1138 1791 1208 tesqua
1805 1171 1819 1197 2

478 1228 544 1279 Et
574 1245 780 1283 curram
816 1233 967 1285 nullo
1007 1249 1101 1301 per
1125 1235 1245 1286 loca
1282 1232 1430 1285 rasta
1467 1232 1634 1300 pede:

404 1312 529 1365 Post
552 1354 567 1377 ‚
595 1314 687 1368 ubi
716 1320 975 1372 currendo
1008 1319 1165 1373 fuerit
1201 1317 1420 1371 laffatus
1440 1332 1685 1387 uterque,

478 1400 623 1454 Feffa
650 1402 709 1454 in
744 1406 1010 1473 graminea
1036 1406 1267 1458 membra
1303 1419 1542 1475 reponet
1574 1404 1757 1456 humo,

405 1486 472 1539 Et
493 1489 698 1541 rursum
720 1505 989 1546 certamen
1008 1492 1109 1546 erit
1130 1491 1439 1563 linguisque
1462 1531 1481 1557 ,
1502 1487 1738 1556 labrisque
1752 1519 1768 1547 ,

483 1574 646 1640 Quod
665 1580 756 1630 vel
781 1576 1043 1632 Chaonias
1067 1578 1286 1633 vincere
1309 1578 1475 1649 possit
1502 1593 1644 1630 aves.

407 1660 645 1712 Forfitan
666 1662 718 1713 &
742 1664 992 1731 quiddam
1020 1665 1138 1733 post
1166 1666 1303 1718 bafia
1333 1668 1506 1719 multa
1526 1657 1774 1731 sequeturi

481 1746 664 1798 Multo
698 1746 802 1800 illis
838 1751 980 1819 quod
1005 1750 1069 1803 fit
1094 1752 1299 1805 dulcius
1338 1754 1394 1805 δι
1427 1748 1632 1803 melius.

408 1835 536 1887 Non
559 1852 661 1905 ego
684 1851 815 1890 tunc
836 1837 1002 1891 loculi
1028 1854 1261 1892 metuam
1287 1837 1559 1910 gravioris
1582 1838 1807 1888 amante⁵²

483 1922 764 1975 Servandae
787 1924 926 1978 bona
949 1925 1072 1978 sunt
1096 1943 1215 1979 rura
1243 1925 1540 1994 pudicitia.

410 2007 605 2060 Balnea
627 2026 740 2061 non
761 2007 875 2063 illic
893 2050 909 2075 ,
934 2028 1047 2064 non
1073 2013 1198 2073 sunt
1228 2002 1500 2082 populosa
1525 2009 1734 2063 theatra.

487 2095 615 2146 Non
646 2094 900 2166 quicquid
929 2114 1133 2152 mentes
1158 2098 1448 2153 sollicitare
1482 2090 1679 2166 potest?
1765 2163 1778 2179 .

414 2181 517 2234 Sed
537 2197 758 2235 nemora
777 2222 791 2248 ‚
817 2184 870 2237 &
888 2184 1100 2253 placido
1127 2199 1397 2239 currentes
1418 2192 1678 2237 murmure
1694 2169 1803 2230 riv»

486 2271 912 2341 Demulcensque
945 2272 1064 2325 rudi
1094 2271 1327 2326 carmine
1358 2271 1542 2341 pastor
1573 2279 1714 2320 oves·
1772 2286 1775 2293 ’

416 2357 586 2411 Porro
624 2357 856 2412 deterior
885 2359 1041 2413 nobis
1076 2376 1194 2412 cum
1227 2360 1441 2419 venerit
1469 2372 1593 2411 aetas
1612 2391 1630 2417 ,

492 2447 748 2515 sparserit
779 2448 832 2501 &
857 2463 987 2501 cana
1015 2461 1253 2516 tempora
1279 2447 1454 2501 nostra
1489 2444 1647 2498 nive:

419 2533 573 2587 Tunc
597 2549 776 2586 curate
813 2547 989 2585 cutem
1008 2572 1024 2597 ‚
1047 2534 1312 2603 genioque
1334 2533 1489 2588 litare
1521 2519 1743 2584 decebit,

489 2622 638 2673 Dum
668 2618 864 2673 fuerint
893 2619 1023 2672 vitae
1052 2618 1270 2673 stamina
1300 2637 1452 2690 rupta
1477 2633 1626 2672 meae.

419 2705 557 2757 Nam
579 2723 695 2760 mea
716 2720 776 2759 tu
791 2745 805 2771 ‚
827 2706 916 2758 sed
936 2721 1049 2759 non
1069 2708 1290 2777 longum
1312 2708 1550 2760 mansura
1571 2689 1818 2770 superstssv

489 2789 552 2843 In
582 2794 790 2849 tumulo
817 2792 1015 2850 condes
1041 2790 1150 2849 offa
1182 2792 1386 2873 minuta
1408 2789 1563 2850 brevi
1586 2806 1603 2846 z
