1964 3638
413 178 1305 255 EPITAPHIA.
1539 195 1613 271 5¹

249 270 546 340 Et⁰Graece
573 285 827 340 tonuiffet
865 287 918 339 δι
962 286 1182 352 Latine,

247 375 371 426 Hoc
405 374 454 425 si
488 373 660 425 Roma
693 374 835 432 foret
860 372 1045 425 Latina
1074 374 1244 439 seclo,

253 460 321 528 Et
344 475 487 512 nunc
511 458 723 514 Gracia
743 459 932 514 Graeca
957 459 1282 527 personaret.

318 544 499 614 Apelli
527 546 805 615 cytheraea
842 543 984 614 pidia
1015 547 1277 614 quondam
1301 581 1324 606 ,

250 633 367 684 Nec
397 644 515 683 tota
548 644 778 684 attamen
801 667 819 694 ,
854 629 1025 683 inuno
1047 631 1337 685 inabsoluta
1359 650 1380 689 t

252 715 409 770 Mille
440 731 619 769 autem
651 717 994 785 Veneresque
1020 717 1341 788 Gratiasque

250 801 510 872 Expreffit
531 802 740 870 lepidus
768 819 917 855 meus
941 803 1193 857 Macutus
1213 840 1234 864 ,

252 891 366 942 Aut
393 885 529 941 vicit
552 886 737 956 potius
762 905 780 947 ς
815 903 913 940 nec
942 886 999 940 id
1023 890 1208 942 colore
1233 924 1252 953 ,

253 973 363 1026 Sed
388 972 539 1025 do&a
561 972 839 1042 lepidaque
873 972 1185 1041 scriptione.

261 1061 481 1128 Apelles
502 1057 723 1123 manui,
759 1073 814 1112 at
844 1075 993 1112 meus
1026 1059 1275 1112 Macutus

268 1146 453 1200 Debet
479 1143 699 1215 ingenio
728 1145 1133 1214 perennitatem.

332 1230 627 1300 AEgyptutn
651 1230 958 1300 penetravit
991 1230 1156 1299 usque
1181 1229 1243 1283 in
1281 1227 1442 1284 imam

258 1316 489 1386 Magnus
522 1315 851 1386 Pythagoras
871 1351 888 1378 ,
914 1315 1176 1383 Platoque
1205 1330 1457 1385 magnum

258 1405 327 1455 Et
363 1402 541 1467 venit,
574 1401 831 1472 Scythico
871 1403 994 1471 gelu
1020 1400 1207 1458 relicto
1227 1436 1246 1466 ,

264 1488 501 1541 Athenas
536 1487 840 1540 Anacharfis
877 1489 1213 1555 eloquentes.

264 1572 429 1625 Vidit
463 1574 669 1627 ltaliam
705 1589 854 1626 meus
886 1572 1173 1629 Macutus=

263 1658 491 1713 Visums
522 1659 715 1728 pariter
745 1674 889 1711 mate
925 1673 1083 1728 atque
1106 1674 1266 1715 terras
1293 1699 1311 1725 ‚

264 1745 582 1798 Doflrinam
612 1758 673 1797 ut
694 1745 885 1798 faceret
916 1744 1063 1797 suam
1098 1747 1385 1803 auctiorem
1404 1785 1423 1812 ,

268 1832 460 1902 Coepti
499 1833 537 1884 fi
578 1834 716 1885 bona
746 1832 859 1885 sors
890 1831 1022 1885 boni
1049 1832 1256 1899 sufflet,

265 1921 380 1971 Aut
406 1918 447 1970 fi
473 1917 602 1987 quid
635 1917 896 1988 reperisset
917 1954 934 1981 ,
966 1919 1200 1977 absoluta

263 2006 376 2060 Vir
413 2008 557 2074 quod
586 2004 805 2060 disceret
827 2003 1147 2062 eruditione.

344 2092 471 2144 Vos
497 2090 796 2160 interrogo,
826 2107 943 2159 quae
970 2105 1131 2160 caput
1163 2093 1354 2148 tenetis

268 2175 550 2230 Nascentis
581 2174 826 2230 Rhodani
857 2175 1076 2245 superba
1108 2178 1230 2233 saxa
1245 2217 1265 2245 ,

265 2264 399 2332 Cur,-
418 2263 590 2316 saevos
624 2261 871 2316 homines
895 2262 1096 2317 fovetis
1125 2265 1250 2318 illos
1269 2302 1290 2325 .

266 2351 545 2403 Macutum
576 2349 708 2403 mihi
729 2349 825 2419 qui
846 2364 1027 2401 meum
1050 2349 1302 2403 abstulere
1322 2353 1346 2403 ἒ

334 2437 473 2499 Vos,
490 2437 789 2505 Nymphae,
809 2450 978 2503 rogo,
1003 2447 1265 2503 quotquot
1281 2434 1407 2489 hinc
1424 2438 1511 2492 vel
1528 2435 1650 2494 inde

268 2521 495 2601 Lemani
538 2521 736 2575 vitreas
771 2519 981 2578 tenetis
998 2513 1198 2586 undas,

264 2609 389 2663 Cur
410 2608 523 2677 pati
541 2593 788 2678 potuistis
809 2607 952 2665 hune
969 2622 1187 2664 cruenta

246 2694 607 2783 3Scelestaque
644 2709 805 2753 manu
835 2693 1013 2749 virum
1045 2694 1299 2755 interire,

246 2777 387 2839 Cui
425 2771 695 2854 Nympha
726 2781 890 2852 usque
911 2784 1043 2838 adeo
1058 2783 1212 2839 fuere
1229 2781 1432 2838 cordi?

1272 2869 1319 2923 C
1353 2870 1394 2938 ij
