1964 3638
519 201 588 272 E
635 219 680 271 ι
731 221 780 270 Ε
834 219 886 274 G
934 218 976 271 1
1026 211 1126 273 AE.‘
1492 225 1583 300 45

102 311 388 370 Nativum
417 312 525 367 effe
551 316 744 383 probat
773 315 860 368 cui
893 315 1152 384 gelafinus
1188 316 1360 370 ebur?

31 399 106 456 'At
141 419 290 455 vero
324 400 579 455 inflatum
605 400 786 468 pestus
812 437 828 465 ‚
864 402 1223 470 mammasque
1261 402 1539 467 cadentes.·

107 491 181 542 Et
219 491 454 542 mollem
486 503 676 558 magna
708 486 917 557 colligit
938 487 1303 541 artefinum?

36 573 93 627 Ο
125 576 241 634 Di,
282 590 447 644 quam
484 588 598 625 tuta
625 572 698 625 est
725 590 753 625 a
794 573 888 626 tali
923 572 1147 627 crimine
1178 574 1338 644 virgo
1364 584 1388 640 ,⁴

112 660 230 712 Cui
262 674 440 712 tumet
470 657 688 726 aqualis
726 657 932 726 semper
957 659 1207 729 utrinque
1236 660 1375 713 finus
1400 663 1414 714 ξ

31 747 196 818 ⁴Quid
217 745 427 816 gestus,
452 747 757 813 cultumque
777 747 968 814 loquar
984 782 1002 804 ‚
1020 747 1302 816 moresque
1324 744 1596 813 decoros&

66 838 70 862 ³
113 834 282 886 Talis
322 846 438 884 erat
456 869 474 895 ,
500 831 698 883 malum
730 847 850 883 cum
887 831 1170 902 Cythaerea
1193 826 1356 890 ‘tulin

41 921 191 990 Ergo
220 917 389 972 Helis
405 918 677 986 speculum
695 934 807 970 non
833 917 904 971 fic
931 933 1197 972 remorata
1227 934 1404 974 tuetur
1426 956 1454 990 ,

113 1008 285 1060 Helie
322 1004 475 1058 enim
507 1003 706 1072 speculi
737 1019 851 1056 non
883 1017 1008 1075 eget
1038 1017 1149 1058 arte
1182 1005 1318 1076 regi.

41 1094 163 1162 Ipsa
196 1093 293 1146 sed
331 1091 398 1143 in
426 1090 566 1143 facie
598 1089 830 1143 dominae
860 1090 1105 1160 crystalla
1134 1100 1453 1160 morantur,‘

119 1183 191 1233 Et
231 1195 388 1231 raras
413 1176 642 1246 gaudent
676 1192 890 1228 eernere
923 1176 1161 1232 delicias.

46 1265 254 1324 Helida
283 1280 386 1317 cur
409 1278 545 1333 ergo
579 1261 844 1314 absentem
874 1260 987 1325 fic,
1016 1263 1201 1326 turba,
1225 1261 1494 1331 requiris;

121 1357 248 1407 Nec
274 1350 467 1422 pergis
499 1349 718 1417 potius,
752 1349 877 1399 dum
918 1348 1108 1416 procul
1144 1347 1298 1399 Helis
1325 1351 1459 1403 abest
1478 1349 1507 1403 ἓ

47 1441 281 1510 Quippe
317 1436 508 1491 absens
540 1433 689 1486 Helis
721 1434 927 1484 nullum
962 1431 1215 1484 retinebit
1244 1449 1458 1491 euntem
1479 1455 1499 1494 e
1560 1431 1564 1437 '

126 1527 186 1582 Si
225 1521 426 1579 veniat
441 1559 461 1584 ,
491 1518 710 1574 cunstos
745 1518 891 1586 quod
922 1531 1222 1570 remoretur
1237 1555 1258 1579 ,
1290 1519 1413 1580 erit.

171 1636 982 1714 'ELEGIARUM
1046 1653 1404 1718 Fllez
