1964 3638
534 232 1127 299 ELEGIAE.
1463 250 1594 324 ¹39

95 338 377 408 Magnarum
403 340 624 394 securus
654 357 819 409 opum
844 378 859 403 ‚
880 340 1092 393 securus
1111 339 1381 392 honorum
1400 373 1418 402 ‚

149 424 327 481 Omnia
359 428 667 497 despiciens
686 466 703 492 ,
731 444 849 497 quae
873 430 998 480 leve
1023 429 1214 496 vulgus
1250 441 1391 480 amat
1414 443 1436 487 ς

93 511 167 566 Ille
183 515 331 567 etiam
358 516 605 569 summos
631 516 801 567 audax
826 528 1172 567 contemnere
1194 530 1346 584 reges
1360 549 1379 575 ‚

152 601 350 673 Praeque
375 603 469 656 sua
494 602 719 656 miseros
743 599 1057 655 conditione
1084 614 1294 670 putans.
1441 597 1444 602 ⁴

101 686 241 741 Castra
260 688 456 753 iuvent
479 689 615 742 alios
635 727 651 752 ‚
672 689 902 757 bellique
923 688 1209 741 inamabile
1232 703 1505 750 murmur,

153 774 398 845 Mifl'aque
417 793 535 829 non
556 776 699 829 ficcae
719 792 944 844 corpora
960 778 1125 829 multa
1150 776 1303 836 neci;

95 858 236 923 Queis
259 862 430 930 rapiat
457 862 644 929 primae
667 877 881 916 teneros
913 862 1177 933 lanuginis
1198 877 1397 927 annos,

155 945 517 1017 Acceleretque
544 948 696 1002 suum
721 949 877 1002 Parca
902 949 1087 1001 severa
1108 949 1271 1003 diem.

103 1030 313 1087 Gaudeat
332 1034 429 1092 hic
462 1035 686 1088 miseros
718 1033 861 1088 inter
888 1036 1114 1088 clamare
1145 1033 1363 1088 clientes
1381 1070 1401 1098 ,

157 1119 211 1171 Et
234 1120 455 1188 pavidos
482 1122 618 1175 duro
649 1135 843 1174 terreat
871 1137 968 1173 ore
1000 1136 1141 1174 reos.

100 1191 181 1256 Ille
206 1208 347 1261 adeat
376 1222 540 1260 terras
577 1206 685 1260 alio
724 1208 817 1260 sub
847 1206 958 1258 sole
988 1209 1221 1260 calentes
1239 1245 1256 1271 ‚

161 1291 448 1363 Litteraque
472 1293 717 1347 instruata
749 1292 975 1361 plurima
1010 1292 1163 1347 claffe
1191 1296 1332 1363 legat
1352 1309 1371 1345 r

106 1375 195 1428 Seu
214 1378 338 1432 ferat
359 1382 645 1434 Herculeas
669 1378 879 1431 animus
904 1377 1138 1447 speQare
1158 1381 1430 1433 columnas
1446 1416 1465 1444 ,

163 1461 263 1522 Seu
283 1464 408 1517 ferat
433 1466 668 1522 annosos
701 1465 778 1518 ire
810 1466 875 1518 ad
904 1465 1310 1534 Hyperboreos.

105 1545 266 1601 Durus
285 1587 302 1612 ,
318 1550 405 1620 qui
425 1552 599 1621 fragili
624 1551 795 1604 vitam
817 1550 1157 1606 committere
1176 1551 1329 1623 ligno

167 1636 327 1690 Audet
344 1676 359 1702 ,
381 1637 662 1710 &ignotas
686 1638 919 1707 aequoris
943 1638 1025 1691 ire
1058 1638 1176 1692 vias
1201 1657 1219 1702 3

111 1720 213 1773 Nec
231 1721 372 1782 timet
392 1724 605 1788 inverso
630 1726 952 1782 decumanos
975 1742 1242 1780 marmore
1263 1723 1455 1780 flustus
1471 1761 1492 1793 ‚

172 1805 472 1880 Secutusque
495 1808 663 1864 animi
688 1811 937 1880 squamea
955 1810 1187 1865 monstra
1210 1812 1379 1870 videt.

109 1893 310 1949 Non‘fie
335 1898 501 1952 divini
530 1896 800 1950 mitiffima
833 1897 1048 1967 peaora
1069 1914 1219 1953 vates
1236 1939 1253 1965 ,

177 1979 406 2037 AEtheteo
432 2001 661 2054 quorum
690 1983 906 2038 flamine
943 1987 1103 2053 corda
1132 1988 1340 2041 calent:

121 2063 232 2119 Otia
255 2068 499 2124 sectantur
528 2072 618 2124 sed
654 2069 795 2124 enim
813 2109 829 2136 ,
852 2070 1148 2142 tacitosque
1170 2072 1391 2127 recefl'us
1409 2112 1428 2139 ‚

179 2152 237 2202 Et
256 2152 336 2217 sua
362 2154 613 2226 negleffis
639 2155 855 2209 urbibus
885 2173 1012 2208 arva
1041 2158 1255 2216 colunt3

117 2235 463 2312 splendidaque
495 2242 549 2294 δι
576 2243 749 2296 multo
772 2241 1051 2311 spectanda
1083 2242 1276 2311 palatia
1307 2244 1440 2296 luxu

177 2323 547 2390 Contemnunt,
573 2329 802 2383 humiles
831 2328 1235 2396 anteferuntque
1259 2329 1421 2382 casas.

116 2410 213 2465 lllic
245 2415 294 2467 δι
316 2415 502 2469 ficcant
530 2416 793 2486 generoso
826 2416 986 2483 plena
1017 2414 1185 2484 Lyaeo

175 2499 350 2555 Pocula
379 2502 609 2556 Bistonia
638 2499 914 2572 frigidiora
944 2497 1076 2554 nive
1098 2517 1118 2560 3

117 2583 167 2635 Et
194 2585 231 2637 fi
254 2588 423 2642 nescio
451 2589 580 2659 quid
595 2625 613 2652 ,
637 2588 730 2641 seu
754 2589 915 2641 vultu
943 2585 1138 2640 ancilla
1166 2585 1390 2651 sereno,

175 2672 267 2726 Seu
295 2692 401 2729 non
430 2674 677 2729 informis
708 2671 893 2726 villica
925 2670 1170 2743 pollicita
1204 2670 1277 2726 est
1299 2709 1316 2735 ‚

115 2755 332 2816 Protinus
350 2778 407 2816 ut
427 2777 578 2833 capta
600 2762 815 2815 reduces
835 2776 907 2814 ex
925 2760 1054 2815 urbe
1076 2757 1422 2826 triumphant.

174 2845 223 2900 0
243 2851 254 2902 Ξ
278 2848 547 2903 hominum
575 2849 708 2904 felix
730 2863 915 2918 terque
937 2860 1227 2920 quaterque
1256 2851 1455 2918 genus!
