1964 3638
627 189 692 259 B
740 208 794 259 A
846 207 888 259 s
939 207 979 260 t
1028 198 1111 259 Α.·
1240 276 1245 277 ἢ
1431 262 1443 274 ‚
1501 196 1633 285 '225

109 296 290 369 Inque
318 310 429 355 tuas
456 300 611 354 cursu
637 298 832 354 effusus
859 298 1135 370 pueriliter
1157 297 1308 352 ulnas
1334 332 1351 363 ,

188 386 349 440 Mille
381 387 482 440 tibi
509 385 634 439 fixit
658 385 794 439 bafia
811 425 827 451 ‚
856 385 1005 439 mille
1036 385 1212 438 modis
1231 421 1248 448 ‚

114 469 253 537 Quae
276 471 461 526 succos
480 471 579 525 tibi
598 473 896 542 myrteolos
914 508 931 535 ,
956 469 1293 541 Cypriosque
1314 466 1555 539 liquores

185 555 428 610 Pectoris
451 557 695 611 affiatunt
713 557 875 628 usque
897 556 989 609 sub
1012 555 1120 610 ima
1141 556 1256 618 tui;

111 638 434 712 juravitque
470 644 601 698 deos
634 658 820 696 omnes
833 678 849 706 ‚
871 642 1248 712 Veneremque
1269 654 1545 710 parentem
1565 678 1589 709 ,

183 726 281 781 Nil
308 728 406 782 tibi
437 728 554 798 post
581 745 815 798 unquam
843 729 985 782 velle
1016 745 1238 783 movete
1272 728 1421 784 mali.

114 813 177 866 Et
198 813 461 868 miremur
482 815 645 868 adhuc
663 831 756 868 cur
775 829 882 867 tam
904 830 997 867 tua
1014 813 1147 868 bafia
1170 815 1401 886 fragrent
1424 854 1445 881 ‚

182 901 448 971 Duraque
477 918 571 956 cur
595 898 718 953 miti
747 900 955 970 semper
982 915 1167 953 amore
1197 899 1402 954 vaces?

456 1166 969 1231 BASIUM
1049 1166 1300 1232 xv1.

115 1273 314 1392 Lar
331 1351 375 1391 o
393 1351 492 1390 tu:
522 1335 688 1394 niveo
719 1338 883 1392 fidere
903 1337 1186 1401 blandior,

113 1423 175 1476 Et
204 1424 359 1479 stella
387 1425 619 1480 Veneris
658 1424 930 1492 pulchrior
963 1439 1164 1486 aurea,

329 1512 420 1563 Da
455 1510 531 1563 mi
556 1510 692 1563 bafia
717 1523 929 1563 centum
954 1547 970 1572 ,

328 1598 418 1649 Da
454 1610 540 1651 tot
572 1595 712 1650 bafia
731 1634 747 1660 ‚
774 1608 909 1664 quot
938 1591 1084 1648 dedit

114 1682 236 1737 Vati
273 1682 575 1736 multivolo
610 1681 824 1749 Lesbia,
852 1694 992 1751 quot
1017 1678 1139 1734 tulit
1159 1695 1178 1733 ε

113 1769 259 1838 Quot
298 1768 503 1824 blandae
533 1768 769 1830 Veneres
792 1805 808 1834 ,
839 1781 1077 1838 quotque
1106 1760 1394 1836 Cupidines

332 1858 401 1911 Et
438 1855 623 1909 labella
651 1869 959 1924 pererrant,

332 1942 400 1993 Et
432 1957 591 2013 genas
619 1940 796 1995 roseas
824 1955 981 1995 tuas:

110 2029 260 2096 Quot
293 2025 442 2080 vitas
465 2024 673 2092 oculis,
701 2041 939 2097 quotque
968 2040 1126 2081 neces
1161 2023 1336 2096 geris,

57 2151 58 2154 η
110 2116 260 2183 Quot
296 2113 454 2181 speS,
475 2126 711 2182 quotque
739 2128 944 2178 metus,
967 2126 1206 2181 quotque
1225 2109 1543 2214 perennibus

334 2197 496 2251 Mista
525 2198 713 2269 gaudia
741 2197 921 2262 curis,

331 2287 399 2338 Et
422 2284 639 2354 suspiria
674 2282 987 2337 amantium.

107 2377 190 2430 Da
214 2413 230 2439 ,
264 2388 433 2442 quam
462 2371 629 2423 multa
662 2386 787 2422 meo
821 2366 1023 2436 spicula
1047 2362 1255 2435 pectori

105 2460 319 2518 Insevit
344 2455 584 2512 volucris
606 2455 730 2507 dira·
746 2469 935 2507 manus
962 2451 1050 2506 dei
1073 2490 1091 2517 ,
1242 2469 1245 2472 ·

332 2546 401 2597 Et
438 2558 600 2613 quam
624 2542 792 2593 multa
823 2538 1070 2608 pharetra

337 2626 700 2682 Conservavit
737 2623 796 2676 in
823 2640 999 2678 aurea.

100 2717 253 2773 'Adde
289 2716 344 2769 δι
372 2711 652 2768 blanditias
670 2748 691 2776 ‚
724 2710 993 2780 verbaque
1022 2706 1228 2780 publica
1250 2745 1269 2771 ,

101 2808 172 2861 Et
204 2819 337 2861 cum
367 2794 697 2869 suavicrepis
723 2812 992 2853 murmura
1017 2793 1225 2933 sibilisli

1261 2894 1300 2931 v
