1964 3638
380 260 1284 330 PANcHAntS.

99 392 104 417 ῑ
161 372 304 436 feris
337 372 615 428 morfibus
649 367 762 438 ipse
793 360 1143 419 vulnerares?

232 462 347 514 Nec
381 474 575 515 tecum
605 468 821 525 reputas
840 488 858 516 ,
884 447 1087 503 miselle
1104 478 1121 508 ,
1152 439 1339 517 quanti

162 546 220 599 ln
252 560 308 601 te
339 543 594 600 numinis
629 538 883 596 excitaris
909 535 1019 589 iras
1041 531 1072 584 ἓ

162 633 271 705 Qui
303 635 437 687 dum
467 626 838 684 Panchai-idem
865 637 1040 676 meam
1065 615 1302 681 laceffis,

162 716 374 772 Omnes
402 718 461 771 &
486 717 772 778 Veneres,
797 712 998 776 Jocos,
1021 707 1283 767 Arnon-es,

162 806 224 858 Et
256 819 527 877 quantum
558 801 637 857 est
663 798 940 855 Chat-itum
969 794 1123 847 fimul
1152 788 1372 845 laceffis.

231 895 302 946 At
322 907 424 957 tu,
450 893 568 944 boe
603 896 707 958 pro
733 885 930 938 scelere
962 880 1241 949 impioque
1269 875 1407 930 fusto
1424 911 1449 941 ,

162 976 242 1030 Ne
270 978 348 1032 mi
379 976 655 1053 irascere,
685 971 871 1029 blanda
903 964 1270 1021 Panchai-illa·

163 1064 408 1134 Namque
437 1061 612 1117 testor
640 1073 744 1128 ego
775 1069 899 1108 tuos
932 1051 1184 1113 ocellos,

164 1148 302 1203 Amo
334 1166 483 1220 quos
514 1162 624 1218 ego
660 1145 781 1213 plus
810 1137 947 1193 meis
979 1133 1217 1199 ocellis,

165 1234 228 1286 Et
255 1234 423 1289 testor
454 1230 699 1288 Veneris
732 1239 992 1295 tuumque
1022 1235 1268 1280 numen,

164 1319 289 1386 Quo
320 1320 502 1386 maius
532 1315 671 1371 mihi
700 1310 1038 1379 sanctiusque
1071 1307 1318 1359 nullum
1294 1341 1318 1370 ‚

164 1405 289 1460 Non
316 1407 419 1460 has
453 1406 652 1459 laedere
683 1416 836 1455 mens
867 1395 971 1450 fuit
1001 1390 1226 1463 papillas
1249 1429 1266 1455 ,

166 1493 291 1546 Non
319 1493 420 1547 has
450 1507 611 1546 mens
642 1486 812 1544 mihi,
844 1481 997 1535 Diva
1016 1518 1033 1543 ,
1063 1479 1367 1530 vulnerares
1432 1494 1437 1503 ·

236 1580 452 1634 Verum
485 1591 552 1629 ut
583 1575 639 1627 se
671 1567 880 1626 exeruit
908 1564 1046 1619 mihi
1075 1562 1328 1632 superbus

168 1664 411 1717 Tuarum
442 1661 559 1718 ille
574 1660 732 1712 decor
760 1652 1164 1725 papillulatum,

167 1748 231 1801 Et
262 1750 366 1802 has
401 1744 627 1817 impulit
656 1746 811 1798 ardor
846 1737 1108 1803 osculari,

171 1838 285 1908 Ipse
320 1834 604 1891 ardentius
637 1830 855 1885 aestuans
884 1825 1203 1896 furensque,

173 1921 474 1993 Compi-effi
502 1922 600 1974 has
626 1916 855 1972 nimium
876 1927 1036 1985 atque
1066 1906 1342 1966 vellicavi.

1486 260 1618 335 3¹7

241 2011 367 2064 Hoc
395 2024 584 2062 meum
610 2005 779 2058 scelus
808 2000 1142 2070 impiumque
1170 1996 1364 2053 fastum
1395 1990 1507 2050 estz

173 2094 276 2149 Pro
310 2112 422 2166 quo
456 2094 609 2148 mille
640 2092 771 2145 adeo
802 2087 972 2142 subire
1005 2102 1232 2155 poenas,

176 2180 278 2236 Pro
312 2198 425 2253 quo
459 2178 615 2235 mille
643 2174 814 2230 velim
842 2170 1014 2224 subire
1042 2170 1251 2232 caedeS,

178 2266 235 2319 Si
265 2281 476 2321 tantum
514 2263 684 2318 scelus
717 2254 1050 2326 impiumque
1078 2252 1272 2308 fanum
1289 2290 1312 2322 ,

179 2350 301 2405 Ulla
331 2364 585 2423 unquam
612 2357 771 2417 queat
794 2339 1012 2410 expiare
1040 2354 1203 2407 poena
1217 2375 1240 2404 ,

181 2438 304 2492 Ulla
338 2451 585 2509 unquam
618 2443 776 2503 queat
811 2426 1027 2524 expiare
1057 2425 1246 2479 caedes.

186 2523 256 2577 A:
290 2542 357 2578 ne
388 2525 503 2578 hoc
537 2536 642 2590 pro
670 2517 862 2571 scelere
892 2511 1170 2582 impioque
1202 2506 1385 2574 fasto,

185 2608 266 2662 Ne
296 2607 372 2661 mi
406 2605 660 2668 irascere,
690 2602 878 2655 blanda
903 2596 1260 2651 Pancharilla.

187 2694 268 2747 Ne
306 2694 384 2747 mi
413 2690 635 2747 irascere
653 2725 671 2752 ,
698 2685 786 2741 cui
819 2684 1036 2755 superba
1061 2684 1235 2738 forma

191 2778 450 2837 Peccandi
485 2772 741 2845 imposuit
772 2769 1147 2827 neceffitatem.
1175 2791 1182 2799 ·

1188 2912 1242 2968 o
1280 2910 1342 2980 iii
