1964 3638
369 249 507 318 124
691 217 752 292 P
802 219 1210 288 RAEFA
1267 213 1545 285 TIO.

360 344 683 429 praestantes
734 344 799 405 &
849 342 1063 424 egregii
1125 338 1381 400 existant.
1429 334 1618 417 Quod
1675 333 1723 394 fi
1767 323 1926 406 ests

360 443 517 503 bona
539 438 666 520 spes
689 456 782 497 me
802 451 963 495 tenet
979 434 1139 507 fore,
1153 451 1217 494 ut
1246 433 1348 493 sub
1359 432 1615 492 Henrico
1633 426 1737 508 (ι)
1759 445 1883 508 rege

363 529 877 603 Christianiffimo',
908 544 1176 609 tanquam
1219 528 1375 589 olim
1422 524 1524 585 sub
1573 518 1846 603 Augusto
1868 563 1886 592 ,

361 632 673 712 poetarum.
701 626 929 705 ingenia
946 625 1285 685 excitentur.
1314 621 1398 682 At
1432 620 1505 681 de
1539 620 1632 679 his
1653 614 1883 698 quidem

363 724 492 784 satis
528 742 679 783 nunc
718 740 733 779 t
768 715 1128 797 tempus'est
1149 762 1169 792 ,
1204 732 1267 778 ut
1294 716 1368 776 de
1402 712 1630 796 meipso
1672 711 1779 770 tibi
1803 709 1883 767 di-

364 836 497 878 cere
532 813 745 895 aliquid
775 812 1048 893 incipiam
1068 813 1324 892 quicum
1358 812 1530 869 etiam
1571 803 1882 888 puerulus,

364 913 433 971 &
472 929 506 969 a
541 910 755 968 teneris
778 949 798 979 ,
837 920 902 964 ut
938 902 1134 966 Graeci
1170 903 1406 976 dicunt,
1442 899 1769 983 unguiculis
1799 895 1884 956 ad·

365 1002 613 1065 mirabili
670 998 929 1082 quodam,
957 999 1215 1079 po‘e'tices
1271 1017 1471 1059 amore
1521 992 1840 1077 flagrassem
1867 1036 1885 1064 ‚

368 1095 547 1157 multa
590 1096 761 1155 etiarn
803 1102 952 1173 pene
976 1121 981 1128 ·
1006 1092 1066 1151 in
1107 1091 1269 1151 omni
1306 1095 1535 1173 'genere
1583 1087 1882 1154 carminis,

368 1207 646 1261 veteres,
680 1184 872 1270 quoad
922 1203 1027 1266 per
1081 1185 1236 1245 vires
1287 1184 1526 1244 licuerat
1563 1227 1581 1252 ,
1644 1181 1884 1240 imitatus

371 1280 817 1363 conscripseram
852 1301 873 1353 ;
913 1299 1162 1359 quorum
1182 1321 1202 1351 ‚
1246 1276 1422 1358 paulo
1467 1275 1748 1359 grandior
1790 1272 1887 1332 fac-

373 1397 465 1440 tus
482 1373 810 1458 ,nonnulla
843 1370 1196 1453 Tardipedi,
1230 1388 1295 1432 ut
1323 1373 1403 1432 ait
1437 1369 1742 1444 Catullus,
1761 1366 1886 1427 Deo
1925 1423 1926 1426 ,

375 1472 628 1532 dicatam
643 1512 663 1542 ,
684 1465 957 1529 nonnulla
974 1463 1371 1547 projeceram,
1392 1464 1675 1526 nonnulla
1700 1463 1886 1531 etiam,
1925 1475 1926 1478 ’

372 1583 442 1625 ut
479 1562 588 1637 fit,
625 1581 804 1643 penes
855 1578 953 1623 me
990 1556 1357 1620 retinueram.
1410 1558 1498 1618 Ea
1543 1558 1723 1639 igitur
1776 1571 1888 1613 cum

376 1657 533 1719 haud
563 1659 652 1716 ita
699 1654 925 1735 pridem
964 1654 1161 1711 amicis
1192 1651 1528 1734 quibusdam
1567 1644 1751 1724 meis,
1786 1650 1887 1731 qui·

378 1753 489 1812 bus
535 1770 646 1832 ego
673 1747 985 1830 plurimum
1012 1745 1073 1804 in
1103 1744 1217 1805 hoc
1248 1767 1460 1829 genere
1492 1746 1691 1805 tribuo
1714 1791 1734 1821 ,
1752 1763 1887 1805 com·

380 1841 785 1914 municaffem‚
815 1859 937 1900 non
971 1840 1054 1898 eis
1092 1837 1287 1900 solum·
1313 1841 1398 1901 illi
1417 1840 1718 1901 -cal'culum
1751 1837 1886 1898 suum

383 1939 654 2022 adjecere
683 1935 1125 2009 ,verumetiam
1159 1933 1415 1996 au&ores
1450 1933 1593 1994 mihi
1631 1931 1853 1994 fuerunt
1872 1973 1887 2001 ‚

383 2051 451 2094 ut
485 2029 712 2092 edenda
753 2048 957 2088 eorum
1011 2025 1211 2088 saltem
1249 2029 1452 2111 aliqua·
1479 2043 1644 2110 parte
1704 2026 1887 2107 judicia

389 2127 694 2190 hominum
736 2122 1049 2203 experirer.
1111 2119 1379 2183 Ass'ensus
1427 2119 1548 2181 sum
1571 2166 1592 2192 ,
1646 2115 1889 2200 utquod

392 2239 602 2286 verum
638 2215 725 2280 est·
774 2218 1021 2297 ingenue
1057 2213 1236 2275 fatear
1254 2231 1285 2288 ,’
1303 2236 1426 2276 non
1451 2214 1773 2279 admodum
1794 2231 1890 2293 gra-

394 2333 585 2380 vater:
611 2326 739 2371 tum
772 2308 933 2391 quod
967 2327 1059 2368 res
1102 2329 1222 2369 non
1252 2310 1439 2390 magni
1471 2306 1721 2387 periculi
1754 2302 1894 2364 vide-

395 2426 610 2481 retur·;
648 2421 775 2466 tum
811 2401 973 2484 quod
1010 2399 1184 2463 facile
1212 2401 1569 2463 confiderem
1607 2399 1741 2461 fore
1779 2415 1894 2468 me,

392 2505 446 2566 ,fi
466 2523 588 2564 non
611 2543 633 2573 ,
673 2515 737 2560 ut
766 2498 843 2555 ait
869 2494 1147 2559 Horatius
1166 2536 1186 2565 ‚
1208 2494 1531 2562 extremum
1554 2496 1862 2576 primorum
1880 2531 1895 2559 ‚

401 2615 464 2660 at
495 2611 652 2659 certe
711 2589 979 2651 extremis
1023 2585 1201 2669 usque
1262 2590 1535 2670 priorem.
1597 2583 1895 2646 Subsecivis

402 2695 575 2776 igitur
608 2687 765 2749 horis
791 2729 812 2759 ‚
840 2681 1074 2763 aliquod
1112 2680 1251 2740 mihi
1285 2679 1708 2762 tempusculum
1744 2701 1778 2739 a
1803 2676 1898 2758 phi·

408 2784 726 2866 Iosophiae,
763 2780 829 2841 &
858 2775 999 2859 juris
1034 2773 1216 2841 civilis
1252 2772 1711 2858 praelestionibus
1736 2817 1761 2846 ,
1800 2770 1898 2854 qui·⁴

477 2880 556 2947 (ι)
589 2876 821 2930 Secundo.
1101 2869 1108 2879 ’
