1964 3638
319 179 1254 249 EPIGRAMMATA.
1453 176 1548 269 69

56 348 166 415 DE
208 349 720 416 AMICITIA
778 349 1003 415 CUM
1053 346 1546 413 TRUCHIO

591 477 963 522 INITA.

235 609 388 668 Heu,
417 623 528 661 vos
550 609 755 662 advoco
772 647 789 673 ‚
815 625 914 663 vos
937 624 1080 662 acres
1101 604 1368 676 Sophistas
1388 639 1414 674 2

174 693 398 748 Fallaces
425 730 442 757 ,
475 694 827 764 querulasque
854 693 1282 753 homunciones,

178 775 283 845 Qui
311 779 498 832 noctes
529 778 701 832 teritis
719 818 737 844 ,
770 779 981 849 diesque
1005 794 1154 834 totos
1171 817 1190 845 ,

180 865 474 930 Quaerendo
508 865 721 920 infidias
760 867 1115 920 locutionum.

178 949 288 1001 Vos
304 989 319 1015 ,
339 950 562 1020 inquam
583 990 599 1015 ,
624 953 834 1004 advoco
854 987 872 1011 ,
897 968 1002 1005 vos
1025 968 1169 1005 acres
1193 949 1456 1019 Sophistas
1469 957 1494 1020 3

185 1035 283 1101 Qui
312 1035 459 1104 poffe
484 1037 592 1089 hoc
622 1035 740 1089 fieri
773 1037 924 1090 fimul
960 1036 1165 1107 negatis
1187 1074 1204 1101 ,

184 1120 252 1172 Ut
285 1121 399 1190 quis
423 1122 643 1176 victitet
669 1121 727 1174 in
753 1123 889 1176 locis
925 1125 1151 1178 duobus·

185 1205 404 1260 Tandem
424 1224 558 1261 vera
593 1206 751 1277 loqui
770 1246 786 1271 ‚
817 1208 853 1260 ὂ
876 1209 1211 1262 tenebriones
1232 1246 1251 1274 ,

188 1290 408 1358 Discite,
447 1295 505 1347 &
536 1292 659 1345 fieri
688 1291 869 1346 videte
893 1292 1040 1362 poss‘e
1066 1332 1083 1358 ,

158 1375 510 1448 ‚Pofi‘equod
551 1376 673 1432 fieri
709 1378 861 1432 fimul
900 1379 1125 1449 negatis.
1191 1397 1194 1398 ⁷
1405 1447 1410 1452 ἡ

190 1461 311 1517 Cum
335 1465 426 1519 fim
457 1482 605 1519 unus
624 1501 643 1530 ,
684 1479 865 1518 tamen
893 1465 952 1518 in
975 1465 1112 1519 locis
1133 1465 1337 1520 duobus
1407 1531 1413 1542 ⁸

190 1548 358 1603 Vitam
388 1552 535 1606 vivo
569 1550 724 1603 fimul
740 1589 758 1616 ,
799 1553 1056 1622 velutque
1088 1552 1261 1605 nostra

196 1636 257 1687 In
281 1652 441 1704 partes
460 1636 706 1709 geminas
725 1636 895 1691 secata
924 1655 1073 1693 mens
1100 1639 1207 1693 est=

166 1723 175 1739 ⁴
197 1721 334 1788 Apud
362 1741 444 1777 me
486 1725 657 1775 altera
684 1722 830 1775 vivit
851 1763 869 1788 ‚
903 1728 1062 1778 altera
1085 1740 1262 1780 autem

197 1806 339 1861 Vivit
364 1809 421 1864 in
441 1807 686 1862 Truchio
713 1826 855 1862 meo.
884 1810 1025 1880 Ergo
1056 1811 1209 1865 nobis

197 1892 406 1951 Palmam
438 1894 635 1959 ceditis
657 1933 675 1960 ,
711 1895 748 1948 ὂ
776 1897 1153 1954 tendat-iones·²

376 2043 516 2107 IN
596 2021 1217 2111 SAP1DUM.

88 2185 210 2240 Dum
230 2188 331 2244 sese
350 2191 622 2263 egregium
661 2178 881 2259 sapidus
911 2205 1062 2260 putat
1088 2190 1190 2245 effe
1229 2193 1460 2261 poetam.

143 2275 323 2348 Defipit
343 2318 358 2348 ,
394 2281 451 2337 ὅτ,
479 2277 678 2348 Sapido
703 2275 782 2329 nil
809 2277 980 2349 magis
1006 2278 1304 2348 infipidum.

739 2490 869 2606 a&
