<?xml version="1.0" encoding="UTF-8"?>
<!DOCTYPE html PUBLIC "-//W3C//DTD XHTML 1.0 Transitional//EN"
    "http://www.w3.org/TR/xhtml1/DTD/xhtml1-transitional.dtd">
<html xmlns="http://www.w3.org/1999/xhtml" xml:lang="en" lang="en">
 <head>
  <title>
</title>
<meta http-equiv="Content-Type" content="text/html;charset=utf-8" />
  <meta name='ocr-system' content='tesseract 3.04.00' />
  <meta name='ocr-capabilities' content='ocr_page ocr_carea ocr_par ocr_line ocrx_word'/>
</head>
<body>
  <div class='ocr_page' id='page_1' title='image "amoenitatespoet00secogoog_0087.png"; bbox 0 0 1964 3638; ppageno 0'>
   <div class='ocr_carea' id='block_1_1' title="bbox 397 160 1636 258">
    <p class='ocr_par' dir='ltr' id='par_1_1' title="bbox 397 160 1636 258">
     <span class='ocr_line' id='line_1_1' title="bbox 397 160 1636 258; baseline 0.001 -27"><span class='ocrx_word' id='word_1_1' title='bbox 397 165 1311 231; x_wconf 71' lang='lat' dir='ltr'><em>EPIGRAMMATA.</em></span> <span class='ocrx_word' id='word_1_2' title='bbox 1539 160 1636 258; x_wconf 78' lang='lat'>⁶⁷.</span> 
     </span>
    </p>
   </div>
   <div class='ocr_carea' id='block_1_2' title="bbox 61 270 1522 603">
    <p class='ocr_par' dir='ltr' id='par_1_2' title="bbox 61 270 1459 429">
     <span class='ocr_line' id='line_1_2' title="bbox 61 270 1459 336; baseline -0.004 -7"><span class='ocrx_word' id='word_1_3' title='bbox 61 274 204 329; x_wconf 76' lang='lat' dir='ltr'>Hoc</span> <span class='ocrx_word' id='word_1_4' title='bbox 243 273 433 327; x_wconf 77' lang='lat' dir='ltr'>scelus</span> <span class='ocrx_word' id='word_1_5' title='bbox 461 274 744 327; x_wconf 80' lang='lat' dir='ltr'>advertens</span> <span class='ocrx_word' id='word_1_6' title='bbox 773 270 966 325; x_wconf 80' lang='lat' dir='ltr'>noster-</span> <span class='ocrx_word' id='word_1_7' title='bbox 987 271 1300 327; x_wconf 79' lang='lat' dir='ltr'>volmarius</span> <span class='ocrx_word' id='word_1_8' title='bbox 1320 308 1338 336; x_wconf 86' lang='lat'>,</span> <span class='ocrx_word' id='word_1_9' title='bbox 1373 270 1459 326; x_wconf 86' lang='lat' dir='ltr'>illi</span> 
     </span>
     <span class='ocr_line' id='line_1_3' title="bbox 145 357 1289 429; baseline -0.001 -16"><span class='ocrx_word' id='word_1_10' title='bbox 145 357 431 415; x_wconf 75' lang='lat' dir='ltr'>Restituit</span> <span class='ocrx_word' id='word_1_11' title='bbox 444 396 463 424; x_wconf 82' lang='lat'>,</span> <span class='ocrx_word' id='word_1_12' title='bbox 492 359 608 413; x_wconf 85' lang='lat' dir='ltr'>divi</span> <span class='ocrx_word' id='word_1_13' title='bbox 628 375 766 429; x_wconf 79' lang='lat' dir='ltr'>quos</span> <span class='ocrx_word' id='word_1_14' title='bbox 786 359 1015 411; x_wconf 70' lang='lat' dir='ltr'>ussei-ant</span> <span class='ocrx_word' id='word_1_15' title='bbox 1036 395 1055 423; x_wconf 87' lang='lat'>‚</span> <span class='ocrx_word' id='word_1_16' title='bbox 1078 360 1289 413; x_wconf 83' lang='lat' dir='ltr'>oculos.</span> 
     </span>
    </p>

    <p class='ocr_par' dir='ltr' id='par_1_3' title="bbox 70 443 1522 603">
     <span class='ocr_line' id='line_1_4' title="bbox 70 443 1522 515; baseline -0.003 -14"><span class='ocrx_word' id='word_1_17' title='bbox 70 446 303 501; x_wconf 83' lang='lat' dir='ltr'>Parcite</span> <span class='ocrx_word' id='word_1_18' title='bbox 336 448 450 510; x_wconf 78' lang='lat' dir='ltr'>mi,</span> <span class='ocrx_word' id='word_1_19' title='bbox 479 445 673 515; x_wconf 84' lang='lat' dir='ltr'>Superi</span> <span class='ocrx_word' id='word_1_20' title='bbox 698 450 712 499; x_wconf 74' lang='grc' dir='ltr'><strong>Ξ</strong></span> <span class='ocrx_word' id='word_1_21' title='bbox 748 444 907 498; x_wconf 80' lang='lat' dir='ltr'>vobis</span> <span class='ocrx_word' id='word_1_22' title='bbox 928 444 1003 499; x_wconf 80' lang='lat' dir='ltr'>est</span> <span class='ocrx_word' id='word_1_23' title='bbox 1027 443 1197 511; x_wconf 78' lang='lat' dir='ltr'>maior</span> <span class='ocrx_word' id='word_1_24' title='bbox 1217 444 1483 498; x_wconf 76' lang='lat' dir='ltr'>habendus</span> <span class='ocrx_word' id='word_1_25' title='bbox 1503 480 1522 508; x_wconf 82' lang='lat'>,</span> 
     </span>
     <span class='ocr_line' id='line_1_5' title="bbox 146 529 1375 603; baseline -0.005 -15"><span class='ocrx_word' id='word_1_26' title='bbox 146 534 325 588; x_wconf 82' lang='lat' dir='ltr'>Irrita</span> <span class='ocrx_word' id='word_1_27' title='bbox 367 533 468 603; x_wconf 84' lang='lat' dir='ltr'>qui</span> <span class='ocrx_word' id='word_1_28' title='bbox 493 532 758 601; x_wconf 65' lang='lat' dir='ltr'>Superum</span> <span class='ocrx_word' id='word_1_29' title='bbox 787 532 1000 585; x_wconf 84' lang='lat' dir='ltr'>reddere</span> <span class='ocrx_word' id='word_1_30' title='bbox 1029 529 1158 598; x_wconf 84' lang='lat' dir='ltr'>juffa</span> <span class='ocrx_word' id='word_1_31' title='bbox 1182 530 1375 599; x_wconf 85' lang='lat' dir='ltr'>potest.</span> 
     </span>
    </p>
   </div>
   <div class='ocr_carea' id='block_1_3' title="bbox 73 677 1628 762">
    <p class='ocr_par' dir='ltr' id='par_1_4' title="bbox 73 677 1628 762">
     <span class='ocr_line' id='line_1_6' title="bbox 73 677 1628 762; baseline -0.003 -18"><span class='ocrx_word' id='word_1_32' title='bbox 73 680 215 744; x_wconf 89' lang='lat' dir='ltr'>IN</span> <span class='ocrx_word' id='word_1_33' title='bbox 300 679 937 762; x_wconf 83' lang='lat' dir='ltr'><strong>QUEMDAM</strong></span> <span class='ocrx_word' id='word_1_34' title='bbox 1020 677 1628 741; x_wconf 89' lang='lat' dir='ltr'>ASINORUM</span> 
     </span>
    </p>
   </div>
   <div class='ocr_carea' id='block_1_4' title="bbox 535 803 1217 846">
    <p class='ocr_par' dir='ltr' id='par_1_5' title="bbox 535 803 1217 846">
     <span class='ocr_line' id='line_1_7' title="bbox 535 803 1217 846; baseline 0.003 -3"><span class='ocrx_word' id='word_1_35' title='bbox 535 803 1217 846; x_wconf 65' lang='lat' dir='ltr'>EncoulAsrnu.</span> 
     </span>
    </p>
   </div>
   <div class='ocr_carea' id='block_1_5' title="bbox 80 910 1630 1091">
    <p class='ocr_par' dir='ltr' id='par_1_6' title="bbox 80 910 1630 1091">
     <span class='ocr_line' id='line_1_8' title="bbox 80 910 1630 997; baseline 0.001 -13"><span class='ocrx_word' id='word_1_36' title='bbox 80 929 254 984; x_wconf 82' lang='lat' dir='ltr'>Dum</span> <span class='ocrx_word' id='word_1_37' title='bbox 284 928 475 981; x_wconf 83' lang='lat' dir='ltr'>laudas</span> <span class='ocrx_word' id='word_1_38' title='bbox 504 927 688 982; x_wconf 79' lang='lat' dir='ltr'>asinos</span> <span class='ocrx_word' id='word_1_39' title='bbox 710 966 728 993; x_wconf 86' lang='lat'><strong>‚</strong></span> <span class='ocrx_word' id='word_1_40' title='bbox 761 910 924 983; x_wconf 86' lang='lat' dir='ltr'>toties</span> <span class='ocrx_word' id='word_1_41' title='bbox 953 945 1046 982; x_wconf 86' lang='lat' dir='ltr'>cur</span> <span class='ocrx_word' id='word_1_42' title='bbox 1069 967 1087 994; x_wconf 84' lang='lat'>,</span> <span class='ocrx_word' id='word_1_43' title='bbox 1117 925 1339 982; x_wconf 82' lang='lat' dir='ltr'>Pontice</span> <span class='ocrx_word' id='word_1_44' title='bbox 1358 964 1377 994; x_wconf 85' lang='lat'>,</span> <span class='ocrx_word' id='word_1_45' title='bbox 1401 929 1630 997; x_wconf 70' lang='lat' dir='ltr'>peccas?</span> 
     </span>
     <span class='ocr_line' id='line_1_9' title="bbox 160 1010 1449 1091; baseline 0.002 -22"><span class='ocrx_word' id='word_1_46' title='bbox 160 1017 395 1083; x_wconf 79' lang='lat' dir='ltr'>Nempe</span> <span class='ocrx_word' id='word_1_47' title='bbox 422 1015 522 1068; x_wconf 88' lang='lat' dir='ltr'>tibi</span> <span class='ocrx_word' id='word_1_48' title='bbox 541 1015 786 1086; x_wconf 84' lang='lat' dir='ltr'>ignotum</span> <span class='ocrx_word' id='word_1_49' title='bbox 808 1010 995 1091; x_wconf 69' lang='grc' dir='ltr'><em>γνῶθι</em></span> <span class='ocrx_word' id='word_1_50' title='bbox 1029 1010 1287 1077; x_wconf 71' lang='grc' dir='ltr'>σεαυτὸν</span> <span class='ocrx_word' id='word_1_51' title='bbox 1317 1027 1449 1079; x_wconf 75' lang='lat' dir='ltr'>erat.</span> 
     </span>
    </p>
   </div>
   <div class='ocr_carea' id='block_1_6' title="bbox 477 1169 1278 1234">
    <p class='ocr_par' dir='ltr' id='par_1_7' title="bbox 477 1169 1278 1234">
     <span class='ocr_line' id='line_1_10' title="bbox 477 1169 1278 1234; baseline -0.001 -1"><span class='ocrx_word' id='word_1_52' title='bbox 477 1171 605 1234; x_wconf 88' lang='lat' dir='ltr'>IN</span> <span class='ocrx_word' id='word_1_53' title='bbox 683 1169 1278 1234; x_wconf 83' lang='lat' dir='ltr'><strong>AMOREM.</strong></span> 
     </span>
    </p>
   </div>
   <div class='ocr_carea' id='block_1_7' title="bbox 87 1316 1553 1819">
    <p class='ocr_par' dir='ltr' id='par_1_8' title="bbox 87 1316 1528 1476">
     <span class='ocr_line' id='line_1_11' title="bbox 87 1316 1528 1388; baseline -0.004 -15"><span class='ocrx_word' id='word_1_54' title='bbox 87 1318 222 1375; x_wconf 82' lang='lat' dir='ltr'>Effe</span> <span class='ocrx_word' id='word_1_55' title='bbox 255 1317 544 1373; x_wconf 82' lang='lat' dir='ltr'>hominum</span> <span class='ocrx_word' id='word_1_56' title='bbox 576 1336 756 1374; x_wconf 83' lang='lat' dir='ltr'>curam</span> <span class='ocrx_word' id='word_1_57' title='bbox 783 1318 1002 1388; x_wconf 78' lang='lat' dir='ltr'>Superis</span> <span class='ocrx_word' id='word_1_58' title='bbox 1025 1319 1066 1371; x_wconf 87' lang='lat' dir='ltr'>fi</span> <span class='ocrx_word' id='word_1_59' title='bbox 1090 1318 1302 1371; x_wconf 81' lang='lat' dir='ltr'>credere</span> <span class='ocrx_word' id='word_1_60' title='bbox 1323 1317 1400 1373; x_wconf 75' lang='lat' dir='ltr'>fas</span> <span class='ocrx_word' id='word_1_61' title='bbox 1427 1316 1528 1380; x_wconf 86' lang='lat' dir='ltr'>est,</span> 
     </span>
     <span class='ocr_line' id='line_1_12' title="bbox 168 1406 1390 1476; baseline -0.001 -16"><span class='ocrx_word' id='word_1_62' title='bbox 168 1408 245 1460; x_wconf 82' lang='lat' dir='ltr'>Et</span> <span class='ocrx_word' id='word_1_63' title='bbox 274 1424 398 1476; x_wconf 78' lang='lat' dir='ltr'>quae</span> <span class='ocrx_word' id='word_1_64' title='bbox 424 1406 679 1460; x_wconf 85' lang='lat' dir='ltr'>sentimus</span> <span class='ocrx_word' id='word_1_65' title='bbox 719 1407 1005 1460; x_wconf 81' lang='lat' dir='ltr'>commoda</span> <span class='ocrx_word' id='word_1_66' title='bbox 1032 1407 1172 1460; x_wconf 76' lang='lat' dir='ltr'>ferre</span> <span class='ocrx_word' id='word_1_67' title='bbox 1200 1406 1390 1459; x_wconf 77' lang='lat' dir='ltr'>Deos:</span> 
     </span>
    </p>

    <p class='ocr_par' dir='ltr' id='par_1_9' title="bbox 88 1490 1458 1633">
     <span class='ocr_line' id='line_1_13' title="bbox 88 1490 1458 1563; baseline -0.004 -14"><span class='ocrx_word' id='word_1_68' title='bbox 88 1496 215 1549; x_wconf 85' lang='lat' dir='ltr'>Cur</span> <span class='ocrx_word' id='word_1_69' title='bbox 239 1528 259 1553; x_wconf 82' lang='lat'>‚</span> <span class='ocrx_word' id='word_1_70' title='bbox 293 1510 435 1563; x_wconf 80' lang='lat' dir='ltr'><strong>rogo</strong></span> <span class='ocrx_word' id='word_1_71' title='bbox 454 1531 472 1557; x_wconf 86' lang='lat'>,</span> <span class='ocrx_word' id='word_1_72' title='bbox 503 1492 647 1547; x_wconf 82' lang='lat' dir='ltr'>felici</span> <span class='ocrx_word' id='word_1_73' title='bbox 684 1493 891 1547; x_wconf 74' lang='lat' dir='ltr'>Divum</span> <span class='ocrx_word' id='word_1_74' title='bbox 912 1506 1220 1546; x_wconf 81' lang='lat' dir='ltr'>numeratur</span> <span class='ocrx_word' id='word_1_75' title='bbox 1243 1490 1306 1545; x_wconf 81' lang='lat' dir='ltr'>in</span> <span class='ocrx_word' id='word_1_76' title='bbox 1335 1492 1458 1545; x_wconf 75' lang='lat' dir='ltr'>albo</span> 
     </span>
     <span class='ocr_line' id='line_1_14' title="bbox 173 1576 1374 1633; baseline -0.003 -1"><span class='ocrx_word' id='word_1_77' title='bbox 173 1577 478 1633; x_wconf 79' lang='lat' dir='ltr'>Fraudibus</span> <span class='ocrx_word' id='word_1_78' title='bbox 507 1577 598 1631; x_wconf 87' lang='lat' dir='ltr'>ille</span> <span class='ocrx_word' id='word_1_79' title='bbox 624 1579 732 1632; x_wconf 81' lang='lat' dir='ltr'>suis</span> <span class='ocrx_word' id='word_1_80' title='bbox 767 1576 1076 1633; x_wconf 80' lang='lat' dir='ltr'>nobilitatus</span> <span class='ocrx_word' id='word_1_81' title='bbox 1104 1579 1275 1632; x_wconf 84' lang='lat' dir='ltr'><strong>Amor</strong></span> <span class='ocrx_word' id='word_1_82' title='bbox 1290 1576 1316 1630; x_wconf 68' lang='grc' dir='ltr'>ξ</span> <span class='ocrx_word' id='word_1_83' title='bbox 1369 1622 1374 1628; x_wconf 92' lang='grc'>.</span> 
     </span>
    </p>

    <p class='ocr_par' dir='ltr' id='par_1_10' title="bbox 95 1661 1553 1819">
     <span class='ocr_line' id='line_1_15' title="bbox 95 1661 1553 1733; baseline -0.004 -12"><span class='ocrx_word' id='word_1_84' title='bbox 95 1668 252 1721; x_wconf 84' lang='lat' dir='ltr'>Sane</span> <span class='ocrx_word' id='word_1_85' title='bbox 284 1664 442 1718; x_wconf 84' lang='lat' dir='ltr'>illum</span> <span class='ocrx_word' id='word_1_86' title='bbox 461 1663 697 1733; x_wconf 75' lang='lat' dir='ltr'>quisquis</span> <span class='ocrx_word' id='word_1_87' title='bbox 719 1665 964 1732; x_wconf 83' lang='lat' dir='ltr'>supremo</span> <span class='ocrx_word' id='word_1_88' title='bbox 991 1664 1256 1732; x_wconf 79' lang='lat' dir='ltr'>adscripfit</span> <span class='ocrx_word' id='word_1_89' title='bbox 1277 1661 1522 1733; x_wconf 73' lang='lat' dir='ltr'><strong>Olympo</strong></span> <span class='ocrx_word' id='word_1_90' title='bbox 1537 1699 1553 1726; x_wconf 88' lang='lat'>‚</span> 
     </span>
     <span class='ocr_line' id='line_1_16' title="bbox 178 1749 1442 1819; baseline -0.004 -12"><span class='ocrx_word' id='word_1_91' title='bbox 178 1754 354 1807; x_wconf 84' lang='lat' dir='ltr'>Hunc</span> <span class='ocrx_word' id='word_1_92' title='bbox 375 1751 571 1804; x_wconf 82' lang='lat' dir='ltr'>nimius</span> <span class='ocrx_word' id='word_1_93' title='bbox 592 1788 613 1815; x_wconf 76' lang='lat'>,</span> <span class='ocrx_word' id='word_1_94' title='bbox 635 1752 793 1805; x_wconf 83' lang='lat' dir='ltr'>credo</span> <span class='ocrx_word' id='word_1_95' title='bbox 810 1788 827 1816; x_wconf 89' lang='lat'>,</span> <span class='ocrx_word' id='word_1_96' title='bbox 858 1750 1002 1819; x_wconf 83' lang='lat' dir='ltr'>cepit</span> <span class='ocrx_word' id='word_1_97' title='bbox 1022 1749 1236 1805; x_wconf 76' lang='lat' dir='ltr'>Amoris</span> <span class='ocrx_word' id='word_1_98' title='bbox 1265 1765 1442 1803; x_wconf 52' lang='lat' dir='ltr'>amor-2</span> 
     </span>
    </p>
   </div>
   <div class='ocr_carea' id='block_1_8' title="bbox 97 1894 1634 1965">
    <p class='ocr_par' dir='ltr' id='par_1_11' title="bbox 97 1894 1634 1965">
     <span class='ocr_line' id='line_1_17' title="bbox 97 1894 1634 1965; baseline -0.004 0"><span class='ocrx_word' id='word_1_99' title='bbox 97 1900 246 1965; x_wconf 89' lang='lat' dir='ltr'>DE</span> <span class='ocrx_word' id='word_1_100' title='bbox 305 1899 698 1965; x_wconf 87' lang='lat' dir='ltr'>VENERE</span> <span class='ocrx_word' id='word_1_101' title='bbox 759 1896 1336 1961; x_wconf 83' lang='lat' dir='ltr'>MARMOREA</span> <span class='ocrx_word' id='word_1_102' title='bbox 1400 1894 1634 1960; x_wconf 83' lang='lat' dir='ltr'>REGI</span> 
     </span>
    </p>
   </div>
   <div class='ocr_carea' id='block_1_9' title="bbox 338 2009 1415 2070">
    <p class='ocr_par' dir='ltr' id='par_1_12' title="bbox 338 2009 1415 2070">
     <span class='ocr_line' id='line_1_18' title="bbox 338 2009 1415 2070; baseline 0.001 -9"><span class='ocrx_word' id='word_1_103' title='bbox 338 2021 667 2063; x_wconf 68' lang='lat' dir='ltr'>nouArA</span> <span class='ocrx_word' id='word_1_104' title='bbox 706 2022 748 2067; x_wconf 65' lang='lat' dir='ltr'>A</span> <span class='ocrx_word' id='word_1_105' title='bbox 785 2009 1055 2063; x_wconf 68' lang='lat' dir='ltr'>Rzuzo</span> <span class='ocrx_word' id='word_1_106' title='bbox 1097 2021 1415 2070; x_wconf 66' lang='lat' dir='ltr'>neuun.</span> 
     </span>
    </p>
   </div>
   <div class='ocr_carea' id='block_1_10' title="bbox 101 2143 1639 2477">
    <p class='ocr_par' dir='ltr' id='par_1_13' title="bbox 101 2143 1524 2302">
     <span class='ocr_line' id='line_1_19' title="bbox 101 2143 1524 2218; baseline -0.004 -18"><span class='ocrx_word' id='word_1_107' title='bbox 101 2151 254 2218; x_wconf 79' lang='lat' dir='ltr'>Quae</span> <span class='ocrx_word' id='word_1_108' title='bbox 280 2144 383 2199; x_wconf 83' lang='lat' dir='ltr'>tibi</span> <span class='ocrx_word' id='word_1_109' title='bbox 403 2143 547 2199; x_wconf 81' lang='lat' dir='ltr'>miffa</span> <span class='ocrx_word' id='word_1_110' title='bbox 566 2145 666 2199; x_wconf 81' lang='lat' dir='ltr'>fuit</span> <span class='ocrx_word' id='word_1_111' title='bbox 686 2161 853 2214; x_wconf 78' lang='lat' dir='ltr'>nuper</span> <span class='ocrx_word' id='word_1_112' title='bbox 871 2184 887 2211; x_wconf 88' lang='lat'>‚</span> <span class='ocrx_word' id='word_1_113' title='bbox 912 2146 1034 2199; x_wconf 86' lang='lat' dir='ltr'>Rex</span> <span class='ocrx_word' id='word_1_114' title='bbox 1052 2144 1287 2199; x_wconf 81' lang='lat' dir='ltr'>maxime</span> <span class='ocrx_word' id='word_1_115' title='bbox 1306 2160 1487 2214; x_wconf 79' lang='lat' dir='ltr'>regum</span> <span class='ocrx_word' id='word_1_116' title='bbox 1505 2178 1524 2206; x_wconf 84' lang='lat'><strong>,</strong></span> 
     </span>
     <span class='ocr_line' id='line_1_20' title="bbox 182 2231 1453 2302; baseline -0.003 -15"><span class='ocrx_word' id='word_1_117' title='bbox 182 2236 320 2287; x_wconf 85' lang='lat' dir='ltr'>Non</span> <span class='ocrx_word' id='word_1_118' title='bbox 340 2232 414 2287; x_wconf 87' lang='lat' dir='ltr'>est</span> <span class='ocrx_word' id='word_1_119' title='bbox 443 2231 565 2301; x_wconf 59' lang='lat' dir='ltr'>ficia</span> <span class='ocrx_word' id='word_1_120' title='bbox 582 2232 768 2286; x_wconf 85' lang='lat' dir='ltr'>Venus</span> <span class='ocrx_word' id='word_1_121' title='bbox 790 2266 808 2290; x_wconf 82' lang='lat'><em>,</em></span> <span class='ocrx_word' id='word_1_122' title='bbox 846 2249 976 2285; x_wconf 80' lang='lat' dir='ltr'>veta</span> <span class='ocrx_word' id='word_1_123' title='bbox 996 2233 1085 2286; x_wconf 88' lang='lat' dir='ltr'>sed</span> <span class='ocrx_word' id='word_1_124' title='bbox 1114 2232 1226 2302; x_wconf 86' lang='lat' dir='ltr'>ipsa</span> <span class='ocrx_word' id='word_1_125' title='bbox 1247 2231 1453 2286; x_wconf 84' lang='lat' dir='ltr'>Venus.</span> 
     </span>
    </p>

    <p class='ocr_par' dir='ltr' id='par_1_14' title="bbox 108 2313 1639 2477">
     <span class='ocr_line' id='line_1_21' title="bbox 108 2313 1639 2390; baseline -0.007 -12"><span class='ocrx_word' id='word_1_126' title='bbox 108 2319 343 2378; x_wconf 84' lang='lat' dir='ltr'>Scilicet</span> <span class='ocrx_word' id='word_1_127' title='bbox 354 2320 447 2371; x_wconf 85' lang='lat' dir='ltr'>illa</span> <span class='ocrx_word' id='word_1_128' title='bbox 466 2319 650 2390; x_wconf 82' lang='lat' dir='ltr'>polum</span> <span class='ocrx_word' id='word_1_129' title='bbox 666 2357 680 2383; x_wconf 92' lang='lat'>‚</span> <span class='ocrx_word' id='word_1_130' title='bbox 700 2319 1060 2386; x_wconf 83' lang='lat' dir='ltr'>Martemque,</span> <span class='ocrx_word' id='word_1_131' title='bbox 1074 2319 1099 2371; x_wconf 90' lang='lat' dir='ltr'>J</span> <span class='ocrx_word' id='word_1_132' title='bbox 1106 2334 1370 2385; x_wconf 81' lang='lat' dir='ltr'>ovemque</span> <span class='ocrx_word' id='word_1_133' title='bbox 1391 2313 1639 2386; x_wconf 65' lang='lat' dir='ltr'>reliquit,</span> 
     </span>
     <span class='ocr_line' id='line_1_22' title="bbox 185 2396 1464 2477; baseline -0.005 -17"><span class='ocrx_word' id='word_1_134' title='bbox 185 2407 355 2477; x_wconf 79' lang='lat' dir='ltr'>Quod</span> <span class='ocrx_word' id='word_1_135' title='bbox 383 2396 459 2461; x_wconf 72' lang='lat' dir='ltr'>te&#39;</span> <span class='ocrx_word' id='word_1_136' title='bbox 476 2404 564 2459; x_wconf 85' lang='lat' dir='ltr'>bis</span> <span class='ocrx_word' id='word_1_137' title='bbox 600 2403 853 2472; x_wconf 81' lang='lat' dir='ltr'>majorem</span> <span class='ocrx_word' id='word_1_138' title='bbox 877 2404 1112 2457; x_wconf 83' lang='lat' dir='ltr'>crederet</span> <span class='ocrx_word' id='word_1_139' title='bbox 1147 2399 1250 2458; x_wconf 82' lang='lat' dir='ltr'>effe</span> <span class='ocrx_word' id='word_1_140' title='bbox 1281 2401 1464 2460; x_wconf 77' lang='lat' dir='ltr'>tribus.</span> 
     </span>
    </p>
   </div>
   <div class='ocr_carea' id='block_1_11' title="bbox 765 2565 1004 2645">
    <p class='ocr_par' dir='ltr' id='par_1_15' title="bbox 765 2565 1004 2645">
     <span class='ocr_line' id='line_1_23' title="bbox 765 2565 1004 2645; baseline 0 0"><span class='ocrx_word' id='word_1_141' title='bbox 765 2565 1004 2645; x_wconf 54' lang='lat' dir='ltr'>M</span> 
     </span>
    </p>
   </div>
  </div>
 </body>
</html>
