1964 3638
352 220 486 318 138
818 224 1406 291 MURETI

420 336 466 387 A
500 349 583 398 te,
619 332 659 385 fi
684 351 786 404 qua
815 333 946 387 fides
967 373 982 398 ‚
1008 351 1124 386 non
1149 333 1359 387 aliunde
1385 331 1563 386 venit.

347 422 430 474 Tu
448 436 625 474 tamen
640 460 655 483 ‚
666 421 808 485 lieu!
831 436 1082 490 tanquam
1096 421 1263 491 glacie
1280 420 1600 474 circumdata
1623 414 1845 487 pedius
1860 453 1880 483 ‚
1947 407 1948 446 3

417 507 588 561 Edure
608 507 805 561 nostras
824 508 1031 577 respuis
1053 510 1217 578 usque
1238 524 1441 577 preces.

344 592 458 647 Effe
475 594 605 663 quid
621 596 729 650 hoe
747 594 919 648 dicam
937 597 959 648 ἓ
974 612 1150 666 neque
1170 596 1317 649 enim
1340 594 1486 664 potis
1505 594 1581 648 est
1602 593 1677 648 in
1699 594 1909 650 eodem

416 681 553 734 Cum
575 683 784 736 summo
806 683 1043 736 summus
1063 684 1263 755 frigore
1284 681 1446 736 ineffe
1464 684 1638 735 calor.

342 767 558 821 Scilicet
577 770 630 821 &
653 786 769 839 quae
790 786 893 822 nos
923 768 1043 823 fieri
1068 787 1181 823 non
1204 768 1352 839 poffe
1379 783 1634 838 putamus
1657 805 1678 831 ‚

419 853 557 906 Cum
585 856 749 918 libet,
786 856 839 907 &
875 856 1117 926 quoties,
1151 856 1361 925 perficit
1388 871 1527 908 unus
1560 856 1768 907 Amor-

341 940 394 993 Is
428 940 526 993 tibi
558 960 655 996 cor
684 941 866 996 mixto
901 943 1246 996 circumdedit
1274 942 1398 1013 igne
1416 980 1434 1005 ,
1454 943 1729 1013 geluque,

416 1027 552 1094 Quae
582 1027 790 1097 poffent
822 1028 948 1083 ferri
978 1029 1179 1100 fingula
1196 1069 1212 1094 ‚
1249 1028 1429 1096 junsta
1462 1041 1686 1083 necant.

346 1111 400 1166 O
428 1116 440 1167 ἰ
466 1112 633 1184 igitur
655 1114 847 1185 glacies
869 1116 1068 1185 quovis
1096 1117 1365 1170 ardentior
1386 1116 1502 1187 igni
1522 1155 1542 1181 ,

306 1235 309 1238 -
419 1199 473 1253 Ο
503 1204 514 1254 !
540 1201 679 1272 ignis
713 1202 902 1271 quavis
929 1202 1175 1273 frigidior
1201 1203 1403 1273 glacie!

344 1286 453 1340 Aut
491 1305 557 1341 ne
588 1306 677 1343 me
710 1290 931 1358 perdant
969 1304 1059 1342 tua
1088 1290 1285 1359 frigora
1301 1328 1315 1354 ‚
1347 1288 1533 1342 mitius
1565 1305 1670 1342 ure
1700 1307 1720 1341 t

416 1373 524 1425 Aut
552 1390 620 1428 ne
652 1374 866 1428 flamma
882 1414 900 1441 ‚
930 1378 1054 1447 gelu
1080 1376 1283 1445 projice
1304 1415 1319 1441 ,
1348 1376 1496 1430 Diva
1518 1414 1536 1443 ,
1567 1389 1753 1428 tuum·

766 1607 825 1665 E
861 1607 911 1666 L
951 1584 1012 1666 Ε
1054 1608 1112 1669 o
1149 1608 1279 1670 ῙΑ
1358 1612 1442 1670 Χ.

528 1741 634 1784 An
691 1723 761 1785 F.
814 1723 1119 1787 VERUM
1179 1726 1689 1802 Lomtmuu.

350 1817 492 1937 H
513 1896 548 1933 Ε
565 1897 589 1935 1
613 1881 778 1944 mihi,
800 1899 896 1937 cur
927 1882 1089 1953 genio
1108 1884 1189 1940 vis
1209 1904 1296 1940 me
1317 1904 1553 1958 pugnare
1568 1928 1585 1955 ,
1605 1888 1889 1960 Lomeni,
1947 1848 1948 1875 ¹

416 1968 736 2039 Naturaeque
758 1968 909 2034 jubes
940 1984 1150 2026 vertere
1173 1971 1286 2038 jura
1311 1991 1443 2027 meae
1464 1979 1488 2030 ἓ
1947 1980 1948 1993 ’

344 2055 547 2108 Cur-ve
569 2072 757 2123 parum
779 2074 951 2128 gratas
976 2056 1211 2126 impellis
1238 2061 1400 2114 durus
1422 2063 1488 2114 ad
1507 2076 1651 2118 artes
1672 2101 1691 2129 ,

413 2140 612 2195 Mufica
632 2142 718 2195 cui
743 2144 914 2197 solum
937 2145 1075 2197 sacra
1098 2147 1303 2214 placere
1323 2147 1477 2201 vides
1498 2151 1522 2202 ἓ

343 2230 484 2283 Nam
506 2245 606 2283 nec
625 2228 763 2300 agris
781 2231 934 2285 miles
955 2230 1073 2284 fieri
1087 2270 1103 2297 ,
1125 2249 1224 2286 nec
1248 2232 1474 2288 idoneus
1493 2233 1657 2290 armis
1671 2274 1692 2301 ,

421 2317 523 2371 Cui
547 2318 710 2371 semel
727 2317 907 2373 ,arrifit
935 2317 1123 2373 rustica
1148 2318 1262 2373 vita
1280 2357 1295 2383 ,
1316 2321 1525 2388 potest3

345 2408 460 2460 Nec
486 2404 523 2457 fi
551 2421 711 2475 quem
742 2404 958 2474 placido
988 2407 1292 2460 nascentem
1309 2407 1516 2462 lumine
1546 2409 1696 2464 Clio‘

323 2520 333 2527 ·
414 2490 656 2557 Viderit,
680 2492 893 2545 admota
925 2490 1317 2564 contigeritque
1350 2511 1513 2547 manu
1531 2533 1549 2562 ,

345 2581 452 2631 Aut
468 2579 640 2632 bonus
659 2576 881 2631 hostiles
896 2594 1129 2647 unquam
1147 2579 1347 2634 foedare
1372 2595 1647 2650 catervas,

418 2664 526 2718 Aut
548 2666 612 2718 ad
630 2665 768 2717 saeva
787 2663 893 2718 fori
914 2663 1084 2735 jurgia
1103 2682 1384 2736 promptus
1405 2669 1525 2723 erit.

314 2818 318 2821 ⁸
344 2748 545 2804 Omnia
565 2752 654 2806 sed
673 2749 881 2822 fugiens
902 2751 1196 2822 tranquillae
1221 2753 1440 2812 inimica
1465 2756 1638 2828 quieti

322 2864 329 2881 ε
418 2835 613 2909 Exiget
634 2839 803 2893 aetatis
824 2837 1009 2893 mollia
1031 2837 1120 2892 fila
1141 2839 1244 2895 suae
1268 2861 1302 2918 ς,
