1964 3638
578 158 1190 232 ELEGIAE.
1518 187 1645 262 ¹29

91 262 264 315 Tunc
291 259 435 317 mihi
462 263 522 318 fit
551 283 690 322 curae
712 270 853 324 Solis
887 273 1184 341 perdiscere
1214 273 1423 328 cursum
1444 311 1460 338 ,

172 351 275 412 An
298 367 372 403 ne
387 388 407 411 ,
435 352 488 403 &
510 370 627 421 quae
653 373 879 411 noceant
901 359 1061 412 fidera
1081 398 1097 423 ,
1122 376 1343 430 quaeque
1369 360 1593 426 iuvent3

96 436 264 502 Quot
287 441 497 492 coelum
520 456 735 495 teneant
755 461 906 498 zonae
927 484 942 509 ‚
963 461 1097 515 quot
1116 448 1354 515 partibus
1379 452 1524 504 orbis

176 524 451 600 Constet,
476 528 531 579 &
551 530 688 582 unde
709 533 896 586 cadant
916 533 1136 587 fulmina
1150 572 1165 598 ,
1187 552 1349 589 curve
1372 538 1580 591 cadant.

97 612 380 672 Utamur,
407 614 533 664 dum
554 614 659 667 fata
681 615 855 670 finunt
868 656 886 682 ‚
909 619 1217 675 melioribus
1240 622 1391 676 annis
1410 658 1429 682 .

100 730 104 733 <
172 698 249 748 Et
284 712 408 750 tota
435 698 605 764 nobis¹
625 716 801 756 mente
828 707 1034 758 colatur
1057 708 1256 761 Amor:

96 785 259 836 Dum
297 785 454 837 decet
489 785 543 837 &
579 787 751 854 postes
782 790 1041 845 nocturna
1067 793 1305 865 frangere
1335 795 1450 850 rixa
1469 836 1486 862 ,

174 873 307 924 Nec
336 873 516 939 pudor
535 872 610 925 est
641 874 823 929 vernis
856 877 1005 930 frons
1033 878 1275 934 redimita
1313 882 1480 943 rofis;

96 957 260 1008 Dum
293 959 452 1010 decet
484 959 537 1010 &
573 976 806 1015 mentem
836 964 947 1015 leni
976 964 1185 1020 vincire
1211 969 1410 1037 Lyaeo,

174 1044 248 1094 Et
285 1044 527 1097 dominae
563 1047 760 1100 clausas
801 1064 923 1101 ante
956 1049 1130 1116 jacere
1158 1053 1324 1107 fores.

99 1130 337 1183 Auferet
362 1132 479 1184 haec
500 1132 705 1198 secum,
723 1137 874 1188 velut
899 1138 1068 1191 aufert
1087 1139 1269 1192 omnia
1285 1177 1301 1204 ,
1329 1155 1573 1210 tempus:

179 1216 389 1270 Cernis
407 1256 422 1279 ,
449 1232 509 1269 ut
529 1218 659 1271 hora
675 1255 693 1277 ,
716 1220 830 1273 dies
849 1260 865 1285 ,
891 1224 1083 1277 meniis
1104 1259 1119 1285 ,
1142 1226 1195 1277 δι
1218 1243 1384 1280 annus
1407 1245 1533 1281 eunt
1552 1234 1589 1299 ὶι

103 1301 221 1367 Qui
245 1304 425 1376 medo
451 1304 662 1373 vagibat
680 1344 696 1369 ,
718 1322 861 1358 nunc
883 1307 957 1360 est
976 1326 1109 1377 puer
1130 1348 1147 1374 ,
1167 1310 1290 1364 inde
1311 1329 1525 1381 repente

179 1391 275 1462 De
298 1406 478 1458 puero
501 1388 710 1454 juvenis
724 1430 742 1456 ,
763 1410 898 1445 mox
920 1394 1009 1447 vir
1027 1433 1042 1458 ,
1071 1395 1267 1449 &inde
1288 1398 1470 1454 senex.

105 1476 301 1543 Quare
322 1476 609 1542 florenteS,
635 1480 894 1548 aptusque
919 1480 1185 1535 caloribus
1204 1499 1370 1537 annos

181 1561 459 1630 Quisquis
484 1563 596 1631 agis
611 1602 627 1629 ,
649 1565 877 1618 Veneris
903 1566 1034 1619 vive
1061 1568 1155 1621 sub
1177 1567 1446 1637 imperio·,

105 1650 192 1701 Ne
229 1647 427 1701 frustra
450 1649 620 1701 aetatis
650 1651 866 1704 meliori
894 1669 1041 1722 parte
1064 1654 1270 1723 perasta
1287 1694 1305 1722 ,

183 1734 409 1790 Vivere
437 1750 564 1794 runc
595 1736 807 1805 cupias,
827 1738 1018 1793 vivere
1045 1757 1169 1793 cum
1202 1758 1450 1811 nequeas.

492 1997 1001 2074 ELEGIA
1080 2003 1278 2098 ιιι.

124 2102 204 2224 S
220 2179 259 2218 c
276 2180 298 2215 1
316 2179 356 2217 ιι
369 2180 405 2218 E
426 2164 578 2234 cupis
597 2205 612 2230 ,
628 2184 741 2234 quae
757 2168 821 2220 fit
838 2186 1096 2226 votorum
1114 2174 1315 2229 summa
1337 2190 1580 2228 meorum
1596 2209 1620 2235 ,

158 2232 260 2303 ¹Et
290 2268 399 2320 ‘qua
428 2252 696 2320 praecipue
720 2253 911 2309 vivere
941 2258 1083 2311 sorte
1112 2260 1278 2313 velim
1306 2260 1329 2311 ἔ

109 2339 246 2392 Non
275 2354 385 2407 ego
421 2338 554 2390 testa
586 2339 718 2391 mihi
755 2340 1006 2411 Phrygiis
1033 2343 1220 2397 innixa
1258 2345 1526 2399 columnis
1545 2382 1565 2408 ,

185 2423 411 2477 Divitis
440 2439 530 2476 aut
564 2425 680 2476 auri
707 2427 945 2493 pondera
977 2425 1125 2479 mille
1156 2442 1364 2495 petam·,

111 2511 250 2562 Non
282 2509 347 2560 ab
379 2509 657 2578 Erythraeo
686 2510 996 2578 repetendas
1030 2510 1213 2564 littore
1245 2513 1471 2567 conchas
1495 2546 1517 2575 ,

187 2597 309 2646 Aut
335 2610 454 2662 quae
496 2609 752 2646 centenus
780 2594 963 2664 jugera
993 2610 1179 2649 taurus
1203 2613 1357 2657 arev,

113 2683 224 2737 Sed
254 2696 435 2733 tecum
460 2683 637 2749 longae
670 2681 938 2733 traducere
970 2695 1212 2751 tempora
1242 2684 1372 2736 vitae
1393 2722 1412 2749 ,

189 2767 564 2837 Securumque
594 2779 690 2818 tuo
723 2765 929 2833 semper
958 2783 1143 2823 amore
1175 2769 1301 2825 frui.

1202 2859 1320 2909 Fv
