1964 3638
308 180 1202 250 EPIGRAMMATA.
1420 198 1512 272 99

132 287 341 343 Mortis
369 288 636 358 eripuistis
659 306 691 341 e
723 288 971 342 barathro
996 326 1013 353 ,

112 375 356 429 ‚Vivatis
384 375 585 446 pariter
618 376 802 429 labore
831 389 1124 431 amantum.

133 462 323 515 Rubris
354 462 490 515 bafia
524 461 773 516 candidae
801 461 833 515 a
870 464 1075 517 labellis
1093 502 1115 531 ‚

137 550 310 604 Genis
341 547 483 602 bafia
519 548 767 603 Candide
798 547 828 602 a
862 549 1077 603 rubellis
1098 588 1115 615 ,

66 692 71 696 ,
138 636 329 691 Ferent
358 635 562 706 fingula
592 635 781 706 finguli
799 674 815 701 ,
848 650 907 689 ut
935 636 1148 693 ruboris

140 725 266 778 Arte
290 723 467 777 vestra
501 739 768 792 operaque
799 722 1025 776 restituti

140 810 241 878 lpfi
273 810 563 863 commoda
590 808 763 877 prima
800 807 1063 864 sentiatis.

143 896 261 950 Vos
291 895 460 965 primi
490 893 710 950 tumidis
747 910 933 949 manus
962 894 1182 964 papillis

145 981 521 1041 Admovebitis
544 1018 563 1044 ‚
598 978 756 1045 hujus
794 996 853 1033 ut
882 982 1115 1035 tumoris

144 1069 268 1120 Arte
304 1066 482 1122 vestra
511 1082 784 1136 operaque
817 1066 1044 1121 restituti

146 1154 248 1222 lpfi
277 1154 569 1206 commoda
603 1153 776 1219 prima
810 1153 1072 1206 sentiatis.

148 1241 305 1305 Quod
336 1240 383 1291 fi
409 1240 547 1292 forte
580 1237 758 1300 oculis
788 1236 893 1289 frui
931 1236 1161 1296 velitis,

147 1324 413 1379 Permitto
444 1325 501 1377 id
528 1339 765 1393 quoque.
798 1323 901 1375 sed
934 1337 1162 1389 cavete,
1198 1283 1418 1395 quoeso',

150 1414 232 1466 Ne
261 1430 370 1466 vos
410 1410 655 1463 flammea
683 1409 886 1463 lumina
915 1410 1011 1463 ista
1033 1412 1253 1466 fallant:

150 1497 443 1569 Namque’
427 1514 487 1549 m
513 1496 599 1550 his
629 1497 869 1549 habitant
890 1497 1210 1567 Venusque,
1236 1500 1531 1572 Amorque,

154 1584 224 1636 Et
262 1586 374 1636 tela
401 1581 524 1635 hinc
549 1581 755 1646 iaciunt
787 1582 1077 1652 Venusque
1093 1622 1110 1647 ‚
1141 1590 1449 1657 Amorque:

157 1672 356 1725 Nonne
390 1668 606 1738 premia
634 1669 793 1738 digna
812 1707 829 1733 ,
859 1668 1016 1739 digna
1046 1673 1287 1727 merces?

223 1759 371 1831 Ergo
396 1795 415 1821 ‚
444 1755 676 1810 Candida
692 1794 709 1818 ,
740 1770 881 1808 nunc
914 1757 1155 1828 relinque
1186 1761 1358 1816 luam
1377 1800 1401 1831 ,

161 1845 227 1898 Et
252 1843 434 1897 miffas
463 1843 574 1896 faoe
603 1843 1073 1912 lachrymationes.

161 1932 408 2003 Namque
441 1932 556 1984 hac
587 1930 769 1983 omnia
787 1966 804 1992 ,
834 1946 952 1998 quae
982 1931 1171 2000 periffe
1205 1933 1371 1991 credis
1395 1975 1412 2003 ,

167 2019 323 2073 Certe
362 2035 481 2072 non
510 2015 715 2085 periere
731 2051 751 2076 .
781 2015 872 2069 sed
893 2034 1112 2088 peregre

168 2105 413 2159 Profe&
432 2143 449 2167 ‚
482 2102 737 2175 incipient
769 2102 923 2156 brevi
956 2105 1179 2162 reverti.

166 2194 324 2247 Certe
368 2189 567 2246 restitui
593 2190 706 2243 cito
740 2186 945 2242 videbis

169 2275 691 2340 Labellis‚ocu1is
729 2274 916 2344 genis.
946 2274 1195 2343 papillis,

170 2364 387 2430 Rosa,-
414 2361 618 2419 lumina
637 2398 654 2427 ,
683 2375 1011 2430 purpuram,
1047 2374 1333 2417 tumorem.

265 2540 406 2604 IN
495 2532 1314 2601 LIGURINUM.

246 2715 444 2773 AEdilis
476 2713 614 2778 ine·‚
645 2710 932 2781 Ligurine,
965 2709 1058 2780 qui
1090 2724 1184 2765 tua

179 2804 451 2875 Repertus
472 2819 531 2857 a
542 2815 595 2856 te
624 2800 801 2853 nudus
820 2798 903 2853 est
928 2814 1047 2855 cum
1080 2796 1344 2936 οὲιήιιςε,

1180 2900 1219 2952 ¹1
