1964 3638
147 177 1646 287 fflfifflfffifflffix·

214 387 301 471 E
389 388 461 474 L
535 388 604 471 E
682 387 765 471 G
848 388 884 470 1
956 385 1035 468 A
1110 386 1191 469 R
1279 386 1363 471 U
1456 385 1558 469 M

566 558 1242 624 LIBELLUS.

379 819 896 881 ELEGIA
977 820 1430 882 PRIMA.

100 907 322 1030 No
340 988 381 1026 Ν
406 990 512 1046 ego
533 976 813 1030 Cadmaeos
835 976 1068 1031 meditor
1090 974 1426 1030 committere
1449 967 1636 1031 fratres
1652 1018 1667 1042 ,

184 1062 463 1128 Quorum
501 1060 812 1116 inimicitias
846 1061 956 1133 ipsa
984 1066 1164 1116 locuta
1193 1078 1329 1132 pyra
1365 1061 1437 1114 est
1458 1080 1475 1115 t

96 1147 257 1201 Non
290 1148 498 1202 veteris
526 1147 706 1214 Trojae
732 1150 1035 1219 lacrymosa
1060 1165 1321 1217 reponere
1347 1149 1482 1201 bella
1501 1182 1523 1207 ,

186 1233 351 1287 Bella
390 1236 626 1292 canenda
656 1235 807 1299 aliis,
836 1238 975 1289 bella
1006 1237 1239 1288 cavenda
1263 1234 1418 1287 mihi.

96 1320 248 1373 Hoc
283 1318 409 1373 aliis
439 1338 537 1389 per
565 1338 653 1375 me
685 1322 844 1375 liceat
875 1324 1153 1375 decurrere
1190 1337 1424 1391 campo..

182 1407 296 1459 lna
319 1406 459 1460 meis
495 1424 611 1460 non
632 1407 706 1468 est
735 1407 971 1461 verfibus
999 1422 1121 1476 apta
1152 1408 1321 1477 seges.

97 1493 203 1545 Me
229 1493 432 1558 Venus
450 1532 466 1557 ,
493 1493 547 1545 &
568 1492 800 1547 Veneris
825 1509 976 1547 certo
1000 1510 1133 1562 puer
1158 1493 1438 1562 improbus
1466 1507 1591 1547 arcu

184 1582 477 1633 Enervant
494 1618 511 1643 ‚
540 1596 795 1633 numeros
827 1594 1209 1650 attenuantque
1238 1596 1391 1633 meos
1413 1614 1434 1641 ,

100 1667 236 1720 Nec
262 1706 280 1731 ‚
309 1680 507 1736 praeter
535 1666 765 1719 dominae
798 1668 1048 1720 blandum
1077 1665 1300 1721 ridentis
1330 1668 1534 1721 ocellos
1552 1703 1570 1735 ,

187 1752 458 1807 Carmine
487 1770 574 1806 me
600 1753 885 1824 quicquam
915 1754 1281 1807 concelebrare
1304 1754 1498 1811 finunt.

104 1842 148 1894 F
152 1841 369 1897 orfitan
397 1840 494 1894 ista
522 1841 673 1894 senes
705 1843 992 1910 culpabunt
1022 1841 1213 1912 scripta
1239 1842 1449 1897 severi:

186 1929 349 1996 Quid
380 1929 569 1988 faciam
590 1927 612 1979 ἓ
632 1945 716 1982 res
747 1927 821 1980 est
844 1928 1131 1997 imperiosa
1152 1931 1328 1984 decor.

110 2017 302 2084 Quem
315 2032 434 2069 non
442 2016 535 2069 ille
547 2014 849 2078 hominum,
863 2032 1022 2084 quem
1033 2033 1146 2069 non
1161 2029 1348 2070 movet
1358 2014 1453 2070 ille
1463 2015 1711 2069 Deorum

189 2104 351 2170 Saepe
376 2102 538 2169 etiam
569 2103 711 2154 coelo
736 2101 917 2170 diripit
947 2101 1041 2155 ille
1069 2103 1097 2156 J
1103 2098 1286 2156 ovem.

109 2188 215 2242 Me
248 2205 471 2258 quoque
501 2187 834 2257 Margaridos
870 2182 1033 2242 decor
1073 2186 1394 2242 admirabilis
1422 2186 1562 2254 urit,

183 2277 256 2327 Et
292 2275 391 2327 fibi
423 2273 731 2327 devincium
755 2290 944 2345 magna
976 2275 1167 2347 sonare
1208 2287 1379 2328 vetat.

104 2360 228 2414 Nec
259 2377 402 2414 vero
436 2358 670 2419 Aonides
697 2359 875 2413 vestro
901 2375 990 2412 me
1022 2359 1291 2411 excludite
1322 2373 1469 2412 coetu
1487 2397 1505 2423 ‚

184 2449 248 2503 Si
283 2465 391 2518 qua
420 2464 524 2517 ego
557 2445 858 2516 virginibus
894 2461 1009 2497 non
1038 2444 1163 2498 satis
1196 2458 1318 2513 apta
1346 2459 1550 2505 canam.

102 2539 330 2604 Nempe
368 2533 535 2587 etiam
563 2550 594 2586 e
628 2532 786 2586 vobis
822 2529 1239 2600 juveniffcapta
1273 2533 1467 2585 decore

184 2624 389 2692 OEagro
420 2635 663 2674 tenerum
700 2619 928 2674 subdidit
961 2635 1067 2670 una
1100 2619 1257 2671 latus.

104 2708 166 2764 Si
209 2710 360 2760 nulla
399 2723 431 2758 e
464 2704 637 2758 vobis?
659 2706 828 2757 ullum
863 2703 1093 2758 senfifl‘et
1119 2721 1397 2768 amorem,

178 2794 346 2849 Unde
374 2792 552 2859 foret,
588 2791 804 2861 quaeso,
843 2789 1037 2857 dicite,
1079 2805 1233 2846 natus
1270 2794 1525 2865 Hymenz

1163 2881 1207 2932 F
1244 2879 1303 2933 iv
