1964 3638
81 592 1012 689 THEODORI
1124 603 1590 690 BEZAE

501 795 568 861 E
619 795 677 861 L
724 800 786 865 E
838 795 904 864 G
952 799 1144 868 ΗΕ.

114 967 253 1030 An
310 933 964 1046 LECTOREM,
1018 972 1415 1037 ELEGIA
1475 920 1529 1043 ιζ

71 1099 215 1220 Tu
250 1183 413 1236 quem
444 1179 646 1219 nature
674 1165 833 1221 nobis
862 1168 1150 1222 consensus
1181 1167 1415 1221 amicum

136 1252 316 1316 Fecit,
352 1251 467 1306 ἀὲ
491 1252 655 1306 fimili
692 1252 856 1306 fidere
878 1268 1034 1306 natus
1071 1269 1267 1306 arnorx

68 1335 323 1406 Quisquis
351 1337 486 1398 eris.
528 1337 632 1393 nis»
657 1340 753 1391 vel
782 1339 1025 1409 locuples
1062 1354 1115 1392 te
1145 1336 1289 1391 curia
1322 1352 1497 1391 totum

139 1422 388 1483 Poffidet,
431 1425 483 1476 &
513 1422 660 1476 rauci
698 1425 1007 1478 sollicitudo
1039 1424 1185 1486 fori3

71 1510 167 1562 Aut
185 1510 280 1562 nifi
304 1526 361 1563 te
379 1510 730 1580 Hippocratis
747 1512 980 1564 retinent
996 1551 1012 1576 ,
1032 1511 1121 1580 pia
1137 1528 1261 1564 cura
1274 1550 1290 1577 ,
1306 1513 1521 1566 medelae
1537 1551 1555 1580 ,

133 1597 236 1647 Aut
267 1610 449 1649 totum
483 1594 701 1649 affer-vit
728 1597 920 1668 pagina
948 1597 1089 1650 sacra
1124 1597 1219 1651 fibi
1248 1615 1266 1659 3

72 1683 171 1734 Vel
205 1681 301 1735 nifi
341 1697 399 1734 te
429 1682 602 1734 Pallas
629 1681 812 1736 studiis
842 1683 1154 1738 melioribus
1185 1699 1367 1754 aptum
1392 1723 1409 1750 ‚

133 1770 199 1821 Et
225 1770 534 1834 Venerem,
570 1769 625 1821 ὅ(
651 1768 877 1825 Veneris
901 1785 1117 1842 tangere
1146 1771 1338 1840 scripta
1368 1784 1533 1833 vetem

67 1855 247 1925 Aspice
275 1872 450 1927 quam
485 1854 679 1908 misere
712 1854 897 1911 insano
933 1857 1216 1911 consumar
1247 1874 1427 1911 amore
1447 1898 1465 1926 ,

134 1944 307 2011 Quam
341 1946 512 1995 lateat
534 1940 712 1996 nostro
741 1941 957 2011 pefitore
990 1943 1129 1997 sava
1151 1944 1335 2001 Venus
1360 1948 1375 1999 Ξ

62 2030 118 2083 si
147 2033 284 2085 bene
319 2046 384 2083 te
417 2029 591 2092 novi,
624 2044 744 2081 eum
777 2027 975 2099 legeris
1004 2030 1187 2083 omnia
1207 2070 1223 2096 ,
1254 2030 1396 2084 dices
1418 2067 1437 2096 ,

127 2118 266 2169 Non
298 2129 422 2169 erat
447 2115 536 2166 hic
559 2114 650 2167 tali
684 2114 874 2185 dignus
905 2116 967 2168 ab
1007 2115 1132 2185 igne
1161 2117 1341 2184 coqui.

64 2204 319 2257 Attamen
356 2202 467 2253 hoc
493 2199 672 2254 frustra
705 2219 721 2255 ε
759 2217 883 2254 nam
917 2200 1043 2253 talia
1076 2201 1181 2253 fata
1212 2202 1435 2255 Sorores

138 2292 413 2344 Nondum
432 2288 595 2341 etiam
613 2303 739 2341 nato
769 2287 1085 2341 constituere
1106 2288 1241 2341 mihi
1277 2309 1293 2343 ε

63 2379 135 2432 Ut
154 2374 417 2447 quamvis
441 2374 520 2427 nil
544 2374 662 2442 ipse·
673 2374 894 2427 habeam
924 2374 1069 2441 quod
1091 2372 1247 2439 poffit
1266 2373 1461 2437 amari,

130 2462 404 2532 Experiar
425 2461 659 2514 Veneris
684 2475 895 2529 tempus
927 2460 987 2512 in
1016 2474 1176 2511 omne
1201 2459 1361 2513 faces.

66 2551 343 2621 Qrodque
367 2547 540 2619 magis
560 2547 758 2600 mirum
772 2585 787 2610 ,
805 2562 927 2599 cum
953 2563 1055 2599 nos
1076 2544 1348 2615 potiamur
1368 2545 1553 2618 amica,

135 2640 260 2704 Qua
284 2652 409 2690 non
438 2633 517 2687 est
537 2632 774 2685 flammis
801 2632 1014 2703 dignior
1034 2634 1143 2686 una
1169 2632 1335 2696 meis,

66 2722 342 2790 Perpetuae
375 2736 565 2773 tamen
591 2718 860 2789 exagitant
890 2735 1008 2771 mea
1031 2718 1244 2788 pectora
1267 2734 1403 2774 curae
1421 2759 1441 2790 ,

137 2808 207 2862 Et
233 2807 448 2881 premit
474 2804 784 2861 insomnem
819 2804 1123 2861 sollicitudo
1152 2821 1355 2867 comes.
