1964 3638
354 152 1299 220 ‘EPIGRAMMATA.‘
1475 170 1598 249 ¹05

336 371 346 377 .
431 308 598 370 AD
681 307 1255 394 EANDEM.

82 452 188 508 Effe
206 453 459 524 quidhoc
476 456 646 510 dicam
660 498 675 523 ,
692 458 898 525 quoties
912 460 1054 524 sum,
1075 456 1308 512 Candida
1321 496 1337 523 ,
1353 471 1531 514 tecum
1549 464 1572 524 ,'

148 542 257 593 Cur
289 542 473 596 faveat
509 544 666 614 pigro
696 546 869 599 nullus
898 545 1100 615 Apollo
1131 544 1266 598 mihi
1292 544 1313 595 ἓ

80 626 296 680 Disceffi
329 631 547 697 quoties
567 668 583 693 ,
616 631 809 683 caleam
845 646 974 684 tunc
1003 630 1218 700 pestore
1248 646 1370 686 toto
1389 671 1410 699 ,

87 738 91 744 ·
148 715 215 765 Et
247 716 489 769 numeris
532 730 740 768 currant
768 716 966 786 fingula
997 719 1156 770 verba
1192 718 1297 771 suis
1322 722 1347 774 ἓ

82 800 347 855 Nimirum
378 817 531 855 totos
561 802 805 870 exposcis
825 837 840 864 ,
878 803 1110 864 Phoebe,
1137 805 1325 872 po'e'tas
1347 824 1366 858 ε

150 889 250 943 Sed
288 903 472 942 totum
504 888 732 959 pra-sens
762 905 848 942 me
875 906 993 960 mea
1025 888 1237 944 flamma
1272 898 1443 947 tenen*

84 1034 213 1118 AD
281 1035 947 1120 SEQUANAM‚
1007 1036 1142 1099 DE
1216 1036 1598 1101 EADEM

617 1137 1057 1189 CAnn1nm

84 1273 206 1327 Ecce
236 1274 440 1329 iterum
472 1292 665 1329 navem
686 1290 965 1344 praegnans
999 1271 1310 1327 conscendit
1331 1269 1494 1325 amica
1511 1289 1529 1326 ε

147 1362 209 1413 Et
236 1362 520 1414 dominam
536 1398 551 1425 ,
581 1362 635 1414 δι
666 1360 928 1421 dominae,
957 1361 1197 1428 Sequana
1213 1396 1228 1421 ,
1250 1357 1423 1426 perfer
1444 1367 1604 1416 onu2.'

84 1446 285 1511 Perfer,
318 1463 385 1501 ut
418 1447 717 1501 incolumes
745 1448 900 1499 ambo
938 1445 1030 1497 sua
1066 1445 1250 1497 littora
1291 1457 1502 1515 tangant
1523 1481 1543 1508 ,

147 1532 274 1586 Sive
314 1549 479 1585 utero
514 1534 673 1586 lateat
707 1531 904 1585 femina
927 1570 943 1594 ,
977 1530 1089 1583 five
1122 1545 1274 1598 puer.

83 1618 161 1672 Sic
182 1621 236 1672 δε
269 1621 436 1672 Yona
456 1618 554 1671 tibi
578 1657 595 1682 ‚
630 1619 684 1671 δι
719 1620 970 1671 concedat
1003 1617 1251 1671 Matrona
1290 1633 1486 1672 nomen
1506 1616 1545 1686 3]

148 1703 213 1756 Et
243 1704 412 1757 vietis
449 1705 601 1756 Isarae
634 1704 704 1757 fic
733 1703 1006 1758 dominere
1044 1703 1215 1756 vadis.

81 1789 249 1843 Fallor
275 1807 346 1843 an
384 1787 443 1841 in
471 1789 742 1842 dominam
769 1789 931 1844 video
959 1788 1145 1843 saevire
1173 1792 1431 1859 procellas
1454 1787 1480 1846 ἓ

149 1876 202 1929 Ο
233 1894 319 1930 res
354 1878 516 1945 plena
554 1877 701 1928 malae
731 1875 1046 1944 suspicionis
1075 1881 1264 1931 amor!
1345 1904 1350 1911 ·

82 1961 284 2034 Mer-gas
303 2000 323 2024 2
352 1962 396 2014 fi
416 1961 578 2014 iibeat
592 2000 609 2025 ,
630 1960 826 2015 nostras
844 2000 860 2025 ,
888 1961 923 2013 ὃ
945 1963 1185 2031 Sequana
1206 2001 1222 2027 ‚
1243 1962 1481 2021 flammas
1504 1984 1524 2021 r

147 2049 326 2102 Mersa
365 2062 548 2101 tamen
576 2047 764 2117 mediis
804 2047 1015 2100 flamma
1046 2050 1278 2120 resurget
1318 2049 1492 2120 aquis.

169 2193 313 2255 AN
382 2136 821 2254 τΕΑΝΒΕΜ
884 2189 1509 2255 CANDIDAM.'

81 2342 157 2393 Ex
181 2358 291 2411 quo
325 2339 578 2407 disjunffl
598 2379 615 2404 ‚
648 2357 767 2394 mea
802 2338 1035 2392 Candida
1053 2377 1072 2403 ,
1097 2338 1339 2391 viximus
1371 2337 1566 2403 ambo,‘

145 2431 258 2482 Nec
286 2444 387 2483 tua
421 2426 714 2481 luminibus
752 2426 914 2479 fidera
944 2424 1060 2477 visa
1097 2423 1232 2477 meis
1254 2441 1271 2475 ε

81 2515 221 2568 Hora
245 2515 397 2569 diem
414 2550 431 2575 ,
456 2514 797 2583 mensemque
820 2512 964 2573 dies,
984 2527 1285 2582 annumque
1309 2522 1546 2566 moratus

147 2603 353 2656 Mensis
377 2640 394 2665 ‚
420 2599 529 2667 jam
573 2614 734 2652 canos
769 2616 905 2668 pene
938 2600 1125 2652 dedere
1160 2596 1314 2651 mihi.
1379 2658 1384 2661 j

80 2688 145 2740 :At
175 2689 334 2765 fimul
355 2703 417 2740 ac
455 2685 612 2739 nobis
645 2683 836 2738 iterum
871 2686 1146 2739 reddemur
1182 2699 1441 2754 uterque,

142 2776 336 2849 Teque
376 2790 499 2833 mea
529 2771 712 2857 potiar
738 2809 758 2839 2
792 2789 984 2853 meque
1014 2772 1185 2829 fruere
1214 2785 1378 2839 tuo-¹2,

1148 2857 1192 2910 E
1227 2875 1267 2911 v
