1964 3638
410 166 1318 234 EPIGRAMMATA.
1505 168 1626 236 161

45 274 182 327 Haec
221 270 345 326 tihi
383 289 565 342 pauca
591 272 671 326 tui
700 274 925 339 mirator
950 273 1219 328 maximus
1250 273 1410 327 offert

117 354 421 410 carmina
440 396 459 423 ‚
490 360 555 412 ab
583 359 794 414 indocta
822 375 935 414 non
958 363 1094 414 bene
1128 359 1280 414 ἀυᾶει
1306 376 1467 414 manu
1486 379 1504 416 z

45 441 102 496 si
127 444 328 499 liceat
345 483 366 510 ,
397 444 504 499 tibi
527 449 724 515 templa
743 447 894 500 fimul
913 447 1178 516 pofiturus
1204 448 1258 501 δι
1275 464 1388 501 atas
1413 485 1434 514 ,

118 532 344 602 Usque
369 532 516 585 adeo
538 549 740 586 numen
761 532 976 604 suspicit
998 533 1092 587 ille
1114 547 1287 590 tuum.

48 619 124 672 At
141 618 272 672 tibi
292 636 411 688 pro
430 620 639 687 te'mplo
659 622 855 673 coelum
880 619 952 673 est
973 622 993 673 ε’
1011 618 1229 685 humus,
1254 638 1342 675 ara
1360 639 1375 676 t
1394 636 1491 675 nec
1517 619 1638 690 ipse

106 715 112 720 ·
145 707 276 760 Iam
303 704 500 784 renuit
515 741 532 770 ,
553 703 684 776 quin
700 705 763 757 fit
784 704 1003 767 victima
1025 706 1165 760 sacra
1195 704 1311 760 tibi.

89 839 275 904 PRO
343 837 785 904 CAROLO
842 841 1637 907 MONTAUSERIO

203 919 801 994 AD‘MARGAMTAM
821 940 1132 993 Rssemam
1152 941 1502 997 NAvAuAE.

84 1076 250 1131 Meus
272 1075 442 1146 regni
461 1115 478 1140 ,
500 1077 658 1131 sextis
672 1080 855 1132 lumen
874 1115 891 1144 ,
912 1077 1096 1150 stupor
1119 1077 1265 1133 orbis
1281 1117 1298 1143 ‚
1321 1077 1381 1131 in
1398 1092 1512 1132 uno

154 1167 409 1218 Munera
427 1162 544 1235 qitae
566 1166 749 1220 divfim
774 1184 1003 1237 corpore
1029 1166 1218 1220 cuneta
1239 1179 1389 1220 tenes
1410 1204 1429 1231 ,

83 1251 436 1321 Conspicere
457 1251 515 1302 in
537 1270 638 1320 qua
659 1269 765 1305 una
785 1267 997 1306 veteres
1019 1252 1151 1305 licet
1172 1251 1422 1305 heminas
1437 1288 1462 1316 ,
1561 1266 1567 1275 '

154 1340 228 1390 Et
257 1335 530 1407 quicquid
548 1337 720 1391 veteri
740 1338 913 1392 laudis
935 1337 997 1391 in
1019 1339 1150 1392 orbe
1172 1335 1272 1390 fnit
1297 1355 1317 1390 t

73 1423 383 1480 Delicium
411 1424 537 1477 coeli
561 1461 578 1488 ,
599 1439 752 1478 terrae
776 1427 935 1479 decus
957 1463 973 1490 ‚
1005 1424 1187 1493 accipe
1204 1464 1220 1488 ,
1253 1441 1371 1492 quae
1403 1422 1463 1475 fe

152 1510 500 1568 Advol'vunt
521 1511 741 1579 pedibus
766 1510 1002 1564 carmina
1019 1527 1190 1580 pauca
1210 1511 1338 1566 tuis.

75 1602 229 1654 Nam
255 1597 517 1671 quanwis
536 1597 634 1651 tibi
655 1600 801 1651 nulla
821 1597 931 1650 dati
948 1636 965 1662 ‚
986 1597 1085 1651 nifi
1105 1614 1292 1670 magna
1309 1637 1328 1664 ,
1347 1597 1563 1653 decebat
1579 1600 1603 1664 ᾗ

153 1689 353 1741 Parva
371 1699 551 1738 tamen
569 1684 690 1757 Lata
713 1685 918 1738 sumere
938 1685 1116 1739 fronte
1137 1686 1295 1739 soles.-

79 1775 190 1828 llla
212 1772 330 1827 tibi
353 1770 426 1827 est
449 1787 570 1825 cum
589 1771 690 1825 Dis
706 1770 1040 1838 communis,
1058 1787 1116 1826 ut
1138 1773 1318 1827 omnia
1334 1812 1353 1840 ,
1369 1772 1583 1838 virtus„

158 1858 297 1914 Vili
320 1856 484 1912 etiam
506 1860 715 1927 placant
736 1874 875 1928 quos
896 1860 1013 1913 data
1037 1859 1188 1914 thura
1210 1877 1389 1917 manu.

86 1948 226 2001 Fors
252 1945 399 1999 olim
418 1944 616 2009 majora
640 1942 734 1995 tibi
749 1981 767 2007 ,
791 1944 842 1997 δε
864 1947 1083 1999 meliora
1104 1947 1316 2014 dicabo,

101 2055 104 2058 ·
169 2032 427 2085 simodo
453 2048 537 2084 me
555 2030 706 2083 solita
726 2068 747 2095 ,
768 2030 944 2096 Diva,
965 2033 1176 2087 fovebis
1201 2052 1328 2103 ope.

95 2121 176 2173 Te
196 2120 319 2171 fine
339 2119 416 2172 nil
432 2157 450 2182 ‚
469 2118 559 2171 sed
577 2120 743 2171 multa
765 2131 862 2172 tuo
880 2103 1003 2173 cuin
1021 2121 1240 2176 numine
1262 2120 1471 2192 poss'um
1492 2136 1515 2174 t

167 2204 388 2257 Nititur
413 2201 623 2257 auxilio
648 2204 765 2273 spes
795 2204 931 2259 mihi
961 2220 1078 2258 tota
1102 2221 1219 2261 tum

103 2291 216 2361 Ipse
237 2290 465 2360 quidem
484 2286 699 2356 prorsus
717 2289 854 2342 nihil
868 2290 974 2342 hoc
996 2290 1111 2342 sum
1130 2305 1370 2359 tempore
1387 2308 1405 2341 t
1422 2289 1510 2344 sed
1527 2301 1592 2342 tu

167 2380 260 2435 Ex.
279 2376 464 2433 nihilo
487 2392 574 2428 me
596 2374 800 2445 aliquid
812 2377 1026 2429 reddere
1042 2413 1061 2438 ,
1080 2375 1225 2428 Diva
1239 2414 1257 2441 ,
1280 2392 1456 2445 potes.

391 2510 626 2575 CAES.
707 2505 1365 2573 SCALIGERO.

96 2668 238 2749 Cym
252 2679 382 2720 mea
400 2674 683 2730 tantopere
704 2661 944 2728 placeant
960 2659 1058 2713 tibi
1078 2661 1309 2714 carmina
1324 2698 1338 2724 ,
1365 2657 1536 2713 Caesar
1551 2696 1574 2725 2

160 2757 281 2816 Vel
303 2753 347 2810 fi
381 2766 501 2806 non
527 2750 670 2803 bona
701 2746 801 2801 fint
820 2785 839 2814 ,
864 2746 973 2816 iam
1008 2749 1147 2801 bona
1176 2745 1306 2801 fasta
1343 2762 1501 2818 puto.
