1964 3638
312 219 352 300 ‘3
369 225 413 274 2
744 208 808 276 T
846 228 935 278 H.
1036 210 1101 291 B
1148 229 1200 278 Ε
1248 227 1303 279 z
1349 227 1418 281 ,ε

384 314 597 386 Ingenii
629 315 715 370 vis
748 319 822 372 est
855 302 1317 390 quantulacunque
1346 316 1480 373 meis

309 400 454 456 Hinc
487 401 652 456 toties
689 420 856 473 cogor
890 421 1126 458 mentem
1157 420 1361 458 mutare
1391 404 1663 473 priorem,

385 486 646 555 Musaque
681 488 896 542 diffidiis
927 490 1204 561 ingeniosa
1235 506 1352 542 mea
1389 489 1483 543 est.

308 573 474 637 Vos,
510 573 653 626 oculi
684 573 909 638 flenteS,
937 576 1184 644 praebetis
1219 575 1441 629 flumina
1471 573 1683 644 puppi·

386 659 510 711 Hoc
544 661 696 713 volat
726 661 918 714 infelix
941 661 1166 716 flumine
1201 661 1356 715 *reela
1387 662 1537 716 ratis.

310 746 425 799 Nec
456 747 610 799 venti
639 747 862 813 desunt,
884 764 1081 802 ventos
1104 747 1327 816 suspiria
1348 749 1627 816 praebent,

386 832 517 884 Haec
544 833 769 886 laceram
803 833 1001 888 ducunt
1032 835 1091 887 in
1122 836 1213 887 sua
1245 836 1433 886 damna
1454 840 1648 886 ratem.

307 917 462 989 Quid
489 919 681 973 tacitos
705 920 878 973 dicam
900 919 1141 974 stimulos
1157 960 1173 985 ‚
1198 936 1505 989 caecumque
1524 920 1777 972 furorem
1799 921 1828 974 ξ

386 1004 535 1056 Dant
571 1004 768 1058 stimuli
794 1023 1006 1071 remos,
1031 1008 1119 1059 dat
1145 1005 1281 1058 mihi
1319 1008 1443 1059 vela
1470 1007 1643 1059 furor.

313 1089 449 1161 Spes
469 1089 671 1144 miserae
687 1091 760 1144 est
777 1094 982 1162 cymbae
1002 1094 1219 1145 clavus:
1241 1092 1360 1161 spes
1380 1090 1585 1160 optima
1599 1090 1857 1143 Divum·
1842 1124 1866 1151 ,

389 1176 520 1245 Spes
550 1177 813 1231 medicina
843 1178 999 1231 malis
1030 1194 1137 1230 una
1164 1193 1373 1247 reperta
1397 1177 1558 1231 meis.

313 1256 563 1319 Anchora
595 1265 716 1317 sunt
744 1264 936 1318 humili
975 1266 1301 1334 deprompta.
1322 1280 1353 1318 e
1382 1264 1600 1334 pestere
1623 1267 1804 1321 verba
1822 1305 1845 1333 ,

391 1350 508 1402 Vix
529 1366 707 1404 tamen
735 1350 896 1405 iratas
928 1351 1045 1403 haec
1068 1358 1411 1403 remorantur'
1425 1367 1607 1420 aquas.
1635 1356 1644 1361 “

311 1435 522 1488 Firmus
545 1452 697 1489 amor
719 1436 846 1488 ratis
870 1435 944 1488 est
962 1437 1133 1488 malus
1155 1454 1172 1496 3
1194 1436 1316 1488 sunt
1335 1437 1480 1489 dona
1500 1437 1761 1491 rudentes
1784 1455 1804 1491 t

387 1522 534 1574 Fune
556 1519 737 1575 carina
759 1521 871 1592 regi
887 1560 902 1586 ,
928 1538 1147 1574 munere
1168 1521 1316 1574 sueta
1335 1521 1542 1577 Venus-

310 1607 483 1660 Navis
509 1624 598 1669 es,
646 1606 875 1660 &anima
903 1607 1094 1659 insano
1123 1621 1367 1674 correpta
1396 1608 1578 1660 furore
1601 1624 1618 1660 t

387 1693 467 1743 Te
499 1691 743 1742 miseram
778 1707 946 1743 caecus
982 1693 1166 1745 navita
1193 1691 1338 1744 ducit
1371 1694 1554 1745 Amor.

313 1776 620 1847 Tempestas
634 1815 651 1842 ‚
674 1776 917 1846 scopuli:
942 1793 1136 1847 nempe
1158 1775 1237 1831 ira
1259 1777 1547 1847 odiumque
1566 1775 1866 1836 timentur·

336 1887 341 1891 ·
387 1865 466 1918 Di
488 1863 682 1918 faciant
709 1875 771 1918 ut
798 1864 899 1918 (int
926 1864 1008 1918 ita
1044 1864 1336 1935 odiumque
1365 1867 1557 1933 procul
1589 1869 1606 1919 1

313 1950 558 2008 Fulmina
586 1967 706 2020 quae
732 1967 959 2015 vereor,
993 1949 1114 2004 sunt
1147 1951 1311 2003 verba
1332 1948 1590 2003 minantia
1614 1951 1790 2005 nobis
1808 1971 1827 2009 ε

389 2037 510 2089 Ah!
544 2038 734 2104 procul
758 2053 790 2089 a
826 2035 1009 2090 nostro
1038 2035 1149 2089 fitis
1174 2052 1392 2102 amore,
1422 2035 1623 2090 minae.
1610 2040 1623 2075 ¹

318 2122 379 2177 Si
398 2123 548 2176 frons
567 2124 690 2173 laeta
716 2119 929 2187 minus,
952 2121 991 2174 fi
1012 2138 1161 2183 non,
1180 2123 1336 2176 velut
1355 2136 1517 2187 ante,
1539 2123 1735 2178 serena
1751 2163 1773 2193 ‚

395 2209 548 2259 Tunc
577 2206 801 2260 madidis
834 2206 975 2261 cedit
1005 2206 1131 2260 feffa
1156 2201 1335 2261 catina
1364 2207 1545 2263 Notis.

318 2294 473 2363 Saepe
502 2292 666 2363 igitur
687 2291 881 2345 ventis
890 2306 1107 2345 currunt
1129 2308 1248 2346 mea
1268 2296 1392 2347 vela
1413 2293 1702 2349 secundis·
1682 2338 1703 2352 .

395 2381 548 2450 Saepe
574 2377 711 2434 mihi
736 2376 866 2431 forti
891 2378 1096 2432 carbasa
1123 2379 1271 2449 pulsa
1302 2381 1477 2435 Noto.

318 2468 400 2521 Ut
426 2481 607 2521 tamen
635 2464 709 2519 est
740 2464 917 2518 visum
948 2464 1128 2529 littus,
1151 2479 1474 2535 portumque
1506 2466 1692 2524 subite

395 2555 515 2608 Jam
544 2568 676 2623 paro
695 2589 714 2617 ,
749 2550 1021 2618 conspeffl
1047 2565 1229 2620 captus
1258 2568 1439 2605 amore
1469 2552 1572 2605 soli
1598 2572 1612 2606 ε

276 2627 287 2636 “
318 2639 552 2700 'Auferor
584 2637 777 2692 infelix
794 2675 810 2700 ‚
845 2635 1093 2704 quamvis
1124 2639 1460 2706 multumque
1491 2638 1698 2708 diuque

397 2726 581 2778 coner
612 2724 672 2780 in
700 2721 922 2777 adverso
957 2719 1122 2790 figere
1157 2724 1279 2778 vela
1313 2723 1453 2791 sqlo.
1515 2736 1520 2742 ·

323 2810 482 2867 'runc
503 2807 694 2866 faciem
722 2807 874 2864 littus
902 2818 1075 2864 mutat
1093 2843 1112 2875 ,
1143 2806 1428 2883 positoque
1453 2806 1638 2864 nitore
1652 2820 1679 2885 ,¹
