1964 3638
367 215 462 294 68
801 221 988 292 ΤΗ.
1086 211 1566 295 Bsszae‘

366 388 516 453 AD
595 389 1148 459 CAROLUM
1229 393 1928 480 Qum-rum·

472 535 475 538 ι
552 514 694 556 cum
735 503 1073 561 LUTEnAM
1112 520 1454 561 incussus
1494 521 1704 564 asser.

366 638 447 692 Te
480 640 738 706 praesente
771 641 862 695 sua
897 643 971 697 est
998 644 1162 700 facies
1191 647 1332 716 quod
1351 645 1549 699 reddita
1579 646 1766 711 coelo,

437 726 504 778 Et
534 725 689 780 senfit
721 744 920 782 numen
955 730 1163 798 Jupiter
1200 732 1311 802 ipse
1340 745 1536 785 tuum:
1867 729 1872 730 ⁷

367 809 598 865 Miratur
627 814 845 883 vulgus·
895 816 999 870 Sed
1034 816 1121 872 cui
1141 818 1215 872 est
1246 832 1334 873 tua
1358 817 1572 890 cognita
1592 816 1773 872 virtus
1790 823 1817 883 ,‘

440 896 667 960 Virtus,
700 900 1068 969 perspectum,
1107 904 1234 974 quid
1264 918 1351 958 tua
1383 904 1576 975 poffit‚
1616 904 1811 959 habet.

367 982 583 1037 Scilicet
603 986 709 1039 hoc
724 1003 934 1054 aequum
944 988 1059 1052 est,
1089 1002 1149 1042 ut
1169 989 1264 1060 qui
1280 989 1641 1044 moderamine
1664 1001 1831 1043 tanto

438 1070 468 1125 J
474 1087 565 1124 ura
592 1072 679 1125 dat
712 1071 772 1124 in
794 1073 987 1136 terris,
1017 1073 1131 1140 iura
1159 1077 1247 1130 det
1275 1075 1387 1147 ipse
1425 1077 1577 1144 polo.

407 1217 558 1285 AD
637 1218 1276 1285 LODOICUM'
1325 1219 1865 1287 VALIDUM.

583 1369 671 1422 An
700 1368 775 1422 est
808 1367 1092 1431 credibile,
1126 1372 1268 1426 hunc
1303 1388 1480 1426 meum
1501 1370 1746 1425 libellum
1764 1408 1783 1436 ,

511 1454 673 1509 Hunc
696 1492 714 1519 ‚
748 1455 963 1525 inquam
984 1495 1000 1522 ,
1031 1456 1305 1526 illepidum
1334 1475 1516 1512 meum
1551 1457 1802 1511 libellum

517 1538 815 1594 Perlestum
841 1539 944 1595 effe
973 1542 1074 1596 tibi
1096 1580 1113 1606 ‚
1151 1544 1203 1597 δι
1240 1542 1605 1597 molestiarum

511 1625 560 1676 A
591 1636 643 1678 te
679 1626 837 1679 taedia
869 1642 1013 1680 tanta
1040 1628 1329 1681 devorata?

509 1706 661 1772 Esto,
699 1711 926 1777 legeris,
957 1712 1011 1763 δε
1042 1713 1403 1768 molestiarum

511 1795 686 1849 Semel
725 1795 878 1851 taedia
900 1810 1045 1852 tanta
1076 1799 1385 1855 devoraris:

511 1880 620 1932 Dic
652 1881 786 1935 mihi
807 1920 824 1946 ‚
854 1884 1090 1938 Lodo‘ice
1110 1922 1129 1951 ,
1164 1890 1352 1941 amabo
1374 1926 1389 1953 ‚
1417 1902 1546 1942 tune

510 1967 694 2019 Ullum
726 1985 959 2037 unquam
997 1969 1278 2039 infipidum
1309 1973 1478 2043 magis
1498 1971 1715 2043 poetam

512 2052 749 2122 Legisti?
789 2055 874 2106 An
905 2055 1137 2111 retices?
1173 2074 1270 2113 nec
1292 2059 1346 2112 id
1364 2061 1517 2114 fateri

515 2136 660 2192 Vis?
692 2139 972 2207 personam
1004 2140 1169 2212 igitur
1200 2157 1344 2197 tuam
1370 2144 1480 2215 ipse
1502 2147 1704 2200 sumam
1726 2181 1748 2211 ,

408 2218 415 2227 '
512 2223 577 2274 Et
610 2223 921 2279 satisfaciam
959 2227 1095 2280 mihi
1128 2231 1338 2298 roganti
1367 2269 1385 2295 ,

510 2306 575 2359 Et'
607 2324 800 2380 quanta
831 2325 1025 2379 potero
1048 2310 1305 2369 intonabo
1336 2333 1510 2372 voce:

346 2396 357 2421 ‘
380 2384 385 2387 ¹
476 2392 485 2395 “
511 2395 640 2453 Non
658 2397 774 2454 vidi
813 2398 1086 2470 infipidum
1115 2401 1281 2472 magis
1308 2404 1544 2474 poetam·

989 2592 1226 2672 »ast
