1964 3638
434 225 567 323 138
899 229 1499 297 MURETI

501 342 548 392 A
581 351 664 404 te,
700 337 740 390 fi
765 356 867 410 qua
896 338 1027 393 fides
1048 379 1063 404 ,
1087 356 1207 392 non
1236 338 1453 393 aliunde
1478 334 1639 391 venit.

428 428 513 480 Tu
529 441 706 479 tamen
721 465 736 488 ‚
747 426 889 490 ¹heu!
912 441 1162 496 tanquam
1179 427 1357 497 glacie
1376 424 1672 478 circumdata
1688 415 1839 489 pestus·

499 513 669 568 Edure
690 512 886 565 nostras
905 514 1111 583 respuis
1133 515 1309 583 usque
1331 529 1533 583 preces.

425 597 539 651 Effe
557 599 686 668 quid
701 600 810 655 hoc
828 600 1002 653 dicam
1019 602 1041 654 ἓ
1056 617 1236 671 neque
1259 601 1414 654 enim
1436 598 1577 669 potis
1593 596 1660 651 est
1676 595 1726 650 in
1739 592 1861 647 eodm

497 685 633 739 Cum
655 688 865 740 summo
887 687 1124 742 summus
1145 689 1356 760 frigore
1379 686 1539 741 ineffe
1556 687 1702 738 calor.

423 771 640 826 Scilicet
658 775 713 826 &
732 791 849 843 quae
870 791 974 827 nos
1004 773 1125 828 fieri
1150 792 1268 828 non
1294 773 1449 845 poffe
1476 785 1729 842 putamus,

500 858 638 911 Cum
666 861 830 923 libet,
866 861 919 914 &
955 861 1199 931 quoties,
1236 860 1457 931 perficit
1485 874 1615 912 uuus
1644 856 1789 907 Amor·

420 946 474 998 Is
509 945 606 998 tibi
638 964 735 1001 cor
765 947 946 1001 mixto
982 948 1337 1002 circumdedit
1366 946 1495 1018 igne
1512 983 1528 1010 ,
1547 945 1764 1015 geluque»

497 1032 632 1099 Quae
661 1032 870 1101 poffent
901 1034 1030 1087 ferri
1060 1035 1265 1105 singula
1284 1074 1301 1100 ,
1343 1033 1524 1100 juncta
1555 1040 1737 1083 necant·

424 1118 481 1171 O
509 1121 521 1172 Ξ
547 1117 712 1189 igitur
736 1120 927 1190 glacies
951 1121 1149 1191 quovis
1178 1121 1461 1176 ardentior
1482 1118 1627 1191 igni,

385 1240 390 1244 -
499 1204 553 1258 Ο
583 1210 595 1260 !
620 1206 759 1277 ignis
793 1207 982 1277 quavis
1011 1208 1260 1279 frigidior
1287 1208 1498 1279 glacie!

425 1293 534 1346 Aut
571 1310 637 1346 ne
669 1312 758 1348 me
791 1296 1013 1364 perdant
1049 1310 1139 1347 tua
1169 1296 1409 1366 frigora,
1442 1290 1620 1346 mitius
1648 1302 1761 1341 uret

496 1378 605 1431 Aut
632 1396 699 1433 ne
732 1380 946 1434 flamma
963 1419 981 1446 ,
1012 1384 1135 1453 gelu
1161 1382 1375 1451 projice
1396 1421 1413 1446 ‚
1442 1379 1585 1433 Diva
1605 1415 1621 1442 ,
1648 1384 1782 1426 tuum·

846 1613 1092 1672 ELE
1135 1614 1368 1678 GIA
1450 1617 1532 1675 Χ.

608 1746 714 1789 An
771 1728 841 1791 F.
894 1729 1199 1793 VERUM
1262 1733 1738 1810 LoMENwM.

430 1823 572 1942 H
593 1901 628 1938 Ε
643 1901 668 1939 1
692 1886 857 1949 mihi,
880 1904 974 1941 cur
1007 1889 1170 1960 genio
1188 1890 1270 1947 vis
1290 1910 1383 1947 me
1407 1903 1661 1963 pugnare»
1679 1869 1859 1936 1⁶⁰¹¹²¹¹3⁸

496 1973 815 2043 Naturaeque
837 1973 991 2038 iubes
1021 1991 1230 2032 vertere
1253 1977 1374 2045 iura
1399 1980 1574 2033 meae?

424 2059 627 2112 Cur-ve
649 2077 836 2128 parum
859 2079 1032 2132 gratas
1059 2062 1291 2132 impellis
1318 2069 1488 2120 durus
1510 2065 1572 2117 ad
1591 2073 1711 2114 artes
1725 2091 1740 2119 ,

493 2144 691 2200 Musica
712 2147 800 2200 cui
824 2148 996 2202 solum
1018 2151 1156 2203 sacra
1177 2153 1387 2220 placere
1408 2151 1602 2206 vides?

424 2235 564 2288 Nam
587 2250 685 2286 nec
705 2234 844 2305 agris
861 2236 1016 2290 miles
1036 2236 1153 2290 fieri
1167 2275 1183 2302 ,
1205 2255 1304 2292 nec
1327 2237 1556 2294 idoneus
1573 2228 1740 2290 armis,

501 2321 604 2376 Cui
628 2322 790 2376 semel
808 2321 989 2379 ,arrifit
1016 2323 1203 2379 rustica
1228 2324 1342 2379 vita
1361 2364 1377 2391 ,
1399 2323 1603 2395 potcst3

425 2412 542 2465 Nec
566 2409 603 2462 fi
631 2427 789 2480 quem
822 2410 1039 2479 placido
1068 2412 1372 2467 nascentem
1391 2410 1595 2465 lumine
1621 2402 1743 2459 elio'

403 2524 413 2533 -
494 2495 737 2561 Viderit,
760 2497 973 2550 admota
1007 2497 1397 2570 contigeritque
1432 2512 1592 2551 manu
1607 2531 1623 2559 ,

425 2585 532 2635 Aut
548 2583 720 2636 bonus
739 2581 959 2636 hostiles
975 2599 1209 2652 unquam
1229 2585 1426 2640 foedare
1451 2594 1705 2642 catervas,

498 2668 606 2722 Aut
628 2671 692 2723 ad
710 2670 849 2722 saeva
867 2668 974 2723 fori
995 2669 1165 2740 iurgia
1184 2688 1463 2742 promptus
1484 2670 1600 2726 erit.

424 2752 624 2808 Omnia
645 2756 734 2810 sed
752 2754 961 2827 fugiens
982 2757 1278 2827 tranquillae
1301 2760 1518 2816 inimica
1542 2749 1698 2829 quieti

402 2870 409 2886 =
498 2839 692 2913 Exiget
714 2844 883 2898 aetatis
904 2842 1089 2898 mollia
1111 2842 1199 2898 fila
1221 2845 1324 2901 suae
1347 2866 1382 2924 :-
