1964 3638
390 180 1281 259 EPIT'APHIA.
1517 208 1602 284 57

236 289 373 343 Cum
402 294 541 349 coelo
572 292 810 347 intonuit
842 295 1057 351 severus
1091 300 1199 352 alto

232 376 500 430 Divorum
530 392 681 447 pater
703 379 731 439 ’ξ
765 381 818 433 &
844 383 997 435 velut
1022 399 1256 455 peraegre

229 461 353 516 Hoc
370 478 570 517 tantum
588 463 814 518 studium
835 467 1009 521 ferens
1033 469 1271 525 sororum
1289 512 1307 538 ,

224 548 306 600 At
332 549 512 603 ceffate
533 583 555 613 ‚
584 550 659 603 ait
676 589 694 614 ,
725 552 781 604 δι
809 568 1015 607 novum
1056 559 1310 612 colonum

177 633 180 636 ’
226 632 316 684 Ne
348 634 540 688 diutius
573 635 810 691 invidete
834 641 1018 694 coelo=

232 719 446 772 Coelum
465 720 536 775 fic
565 739 715 775 meus
736 724 993 778 Hercules
1014 726 1230 794 petivit.

142 865 723 934 JOANNIS
803 873 1555 958 DAMPETR1,·

91 977 423 1041 Monialium
458 984 610 1062 apud
635 984 1031 1063 Magdalenam
1058 989 1294 1048 Aurelia
1327 993 1562 1052 Βιθυνὶς
1575 1037 1594 1062 ,

165 1088 451 1148 Poetarum
486 1089 545 1150 in
570 1087 872 1168 scribendis
900 1093 1399 1176 Hendecasyllabis
1423 1093 1601 1176 fitcile

168 1194 459 1276 Principis.

118 1364 125 1373 ’
188 1334 191 1335 ’
283 1341 499 1396 Clausus
531 1342 792 1397 coenobio
829 1345 1024 1398 latebat
1052 1345 1186 1400 olim

208 1428 302 1480 Ille
332 1430 653 1497 Dampetrus
671 1467 688 1493 ,
732 1430 972 1498 optimus
1001 1430 1245 1486 virorum
1264 1471 1283 1500 ,

208 1513 559 1583 Princepsque
585 1515 1075 1585 Hendecasyllabon
1100 1519 1282 1587 poeta.

130 1584 139 1590 ³
210 1600 278 1652 Et
310 1602 507 1654 clausus
528 1601 728 1669 pariter
757 1603 953 1655 latebat
984 1603 1124 1657 idem

209 1685 363 1738 Mole
383 1703 642 1755 corporea
661 1726 677 1750 ‚
705 1688 843 1740 haud
858 1689 1069 1756 quidem
1085 1730 1101 1755 ‚
1118 1691 1378 1760 fatemur,‘

211 1772 384 1826 Obesa
410 1771 572 1826 nimis
605 1788 694 1826 aut
720 1774 1044 1829 tenebricosa
1063 1814 1080 1841 ,

207 1859 412 1914 Verum
449 1876 704 1929 corporea
724 1899 740 1924 ‚
786 1862 839 1913 &
874 1861 1097 1929 proinde
1124 1865 1249 1931 tali,

204 1948 281 2000 Ut
306 1947 551 2001 divinum
579 1945 815 1999 ani—mum
841 1950 992 2000 velut
1022 1950 1327 2018 quibusdam

166 2087 175 2090 ,
205 2034 426 2085 Nexum
461 2032 801 2100 compedibus
830 2047 1009 2087 tenere
1031 2036 1221 2103 poffet.

290 2118 364 2169 At
389 2134 525 2169 nunc
556 2117 896 2187 coenobiique
914 2156 933 2179 ,
966 2122 1311 2196 corporisque

207 2201 430 2257 Vinclis
454 2203 773 2273 Dampetrus
797 2203 1069 2258 ex'solutus
1092 2207 1207 2259 exit
1227 2246 1243 2272 ,

206 2289 617 2359 Dofilorurnque
653 2292 807 2343 volat
827 2307 924 2358 per
946 2307 1042 2343 ora
1065 2293 1198 2359 iiber
1224 2311 1243 2348 t

207 2376 324 2444 Qui
351 2390 531 2430 tamen
553 2376 792 2430 moriens
810 2414 831 2441 ,
857 2375 964 2427 suis
990 2376 1175 2427 amicis

204 2464 336 2516 Heu
364 2477 498 2532 quot
528 2462 694 2517 millia
722 2459 1206 2531 lachrymationum
1231 2499 1250 2527 ‚

205 2551 334 2603 Heu
365 2563 500 2618 quot
517 2543 694 2603 attulit
723 2547 916 2601 anxios
944 2549 1187 2603 dolores!

204 2637 354 2705 E1go
382 2637 523 2688 haud
544 2633 743 2688 occidit
770 2632 881 2702 ipse
900 2671 915 2697 ,
950 2636 1095 2702 quod
1116 2647 1354 2705 putaram
1377 2674 1393 2702 ,

204 2719 428 2777 Occidit
456 2713 640 2791 potius
662 2718 785 2798 suos
813 2718 1037 2774 amicos.

1171 2847 1289 2900 Cv
