1964 3638
395 163 1297 232 EPerPHIA.
1526 178 1601 256 53

268 317 817 383 SIMONIS
898 316 1439 390 GRINAEI,

168 425 278 487 viri
312 427 470 509 long&
505 427 835 506 erudiuffi'mi
847 472 872 499 ,
895 427 1176 488 Bonamm
1213 427 1434 487 Artium
1471 427 1531 486 in

335 533 653 596 Academia
690 534 988 614 Bafileenfi
1021 530 1380 614 Profiffiris..

164 676 366 747 Ecquid
399 680 464 732 ad
498 678 724 732 extincti
757 677 963 733 Grinaei
988 679 1168 734 funera
1187 719 1203 746 ,
1236 680 1536 749 Nymphae,

100 759 324 832 Tingitis
341 764 513 818 imbre
536 774 695 835 genas
714 767 862 836 largo
875 804 892 830 ,
914 766 1264 834 Rhenumque
1278 781 1608 834 peromnem

102 847 332 903 Turbata:
356 890 374 915 ,
410 867 609 921 magno
634 851 851 920 repletis
878 851 1063 905 littora
1095 851 1350 920 planQu?

102 933 290 1003 Ecquid
310 938 378 989 ad
406 935 634 990 extinsti
663 937 869 991 Grinaei
899 939 1084 992 funera
1101 978 1118 1004 ,
1148 938 1347 991 Phoebe
1363 976 1381 1003 ‚

106 1019 363 1075 Sublatum
389 1021 495 1076 effe
523 1038 690 1093 genus
700 1036 727 1083 ·,
760 1040 917 1093 quem
944 1040 1038 1092 par
1066 1024 1165 1078 tibi
1187 1041 1310 1077 cura
1330 1025 1559 1078 sodalem

103 1103 329 1174 Fecerat,
359 1109 413 1162 δε
434 1108 613 1162 simile
636 1109 937 1177 adjunctum
957 1126 1262 1181 cognomen
1284 1110 1536 1179 utrique?

104 1189 291 1262 Ecquid
312 1211 462 1249 nune
487 1195 749 1261 iaculatur
777 1211 938 1265 aquas
964 1197 1239 1250 nimbosus
1260 1196 1438 1249 Orion
1454 1234 1470 1260 ,

107 1274 167 1326 Et
188 1280 440 1334 madidam
467 1280 644 1335 fundit
665 1282 1034 1352 lachrymosas
1063 1280 1325 1351 Aquarius
1351 1297 1576 1342 urnam3

107 1358 392 1436 Caeteraque
426 1366 658 1421 obscuro
693 1366 953 1421 radiantia
986 1366 1148 1420 fidera
1180 1368 1324 1420 coelo
1339 1404 1357 1434 ,

108 1450 315 1506 Illustres
342 1455 563 1526 tingunt
589 1453 740 1522 nigra
764 1454 1033 1524 ferrugine
1059 1455 1243 1507 vultus
1266 1453 1292 1504 ἓ

107 1534 294 1605 Ecquid
312 1541 377 1592 ad
406 1539 635 1593 extincti
668 1539 876 1594 Grinaei
906 1540 1091 1592 funera
1113 1577 1130 1603 ,
1154 1540 1323 1593 Vates
1344 1575 1359 1602 ‚

110 1620 302 1687 Dejeffi
324 1642 560 1679 moerore
593 1627 782 1678 oculos
800 1662 816 1688 ‚
847 1625 1230 1695 lachrymantia
1259 1625 1420 1678 verba
1439 1660 1455 1688 ‚

105 1703 168 1759 Et
191 1710 371 1765 moesto
408 1714 647 1765 alternos
675 1711 884 1765 trahitis
915 1713 979 1765 de
1006 1708 1220 1779 penore
1251 1727 1437 1764 versus
1461 1709 1484 1761 ἓ

111 1791 161 1845 O
184 1810 342 1850 rerum
377 1797 551 1852 sortes
584 1796 779 1861 variae',
803 1793 1194 1867 'properataque
1223 1795 1393 1851 doffls

112 1877 307 1949 Semper
325 1884 435 1937 fata
452 1881 592 1934 viris
616 1885 631 1935 ξ
655 1881 683 1933 1
715 1897 857 1934 nunc
877 1920 893 1947 ,
925 1881 978 1933 δι
1006 1898 1131 1933 cura
1157 1884 1382 1935 latentes

114 1962 183 2016 Sit
209 1967 334 2034 tibi,
367 1966 614 2038 quisquis
643 1966 746 2019 eris
769 2003 784 2032 ,
812 1980 1009 2019 naturae
1032 1965 1297 2035 inquirere
1322 1965 1517 2021 causas.

114 2052 306 2107 Scilicet
322 2057 451 2114 hac,
472 2045 660 2107 stu'ltos
689 2055 937 2107 mortales
967 2052 1104 2105 fallit
1130 2051 1301 2105 inanis

112 2139 232 2207 Spes
256 2141 385 2193 vitae
415 2156 430 2191 ι
467 2139 635 2193 ᾶοᾶἱς
669 2141 851 2192 eadem
877 2137 1210 2207 indofflsque
1241 2137 1471 2191 minatur

113 2225 252 2293 Mors
278 2239 491 2289 tamen,
533 2226 588 2277 δι
621 2241 815 2295 magno
862 2222 1028 2277 finem
1066 2222 1375 2290 impositura
1408 2222 1576 2277 labori
1599 2261 1612 2284 ‚

114 2311 317 2367 Defidiae
339 2316 395 2367 δι
413 2328 639 2382 magnae.
666 2313 824 2363 Nunc
848 2347 864 2373 ,
896 2310 934 2361 fi
964 2309 1135 2376 sapis,
1165 2325 1293 2379 ergo
1317 2348 1332 2373 ‚
1363 2308 1544 2362 viator
1563 2348 1578 2372 ,

117 2396 247 2453 Vive
262 2400 360 2453 tibi
384 2417 400 2452 z
425 2414 654 2467 namque
678 2397 791 2466 ipse
813 2394 914 2449 tibi
945 2393 1177 2446 moriere
1197 2431 1215 2456 ,
1247 2410 1346 2447 nec
1367 2411 1531 2447 unum

117 2483 437 2555 Progrediere
459 2484 603 2537 diem
624 2521 640 2549 ,
668 2481 800 2536 lethi
835 2473 956 2533 cum
988 2478 1263 2533 advenerit
1292 2481 1448 2534 hora.

117 2570 226 2623 Non
259 2587 437 2626 tamen
469 2570 641 2642 usque
668 2570 801 2622 adeo
822 2566 1035 2637 pietatis
1060 2566 1236 2621 nescia
1259 2567 1418 2619 corda

120 2654 234 2709 Sunt
252 2696 267 2720 ,
306 2641 529 2712 Grinaee
550 2694 568 2719 ,
595 2653 727 2709 mihi
743 2693 758 2719 ‚
779 2654 908 2724 quin
928 2649 1118 2707 doctos
1138 2652 1368 2708 carmine
1393 2655 1578 2711 Manes

122 2739 387 2815 Prosequar
410 2781 429 2811 ,
471 2742 525 2796 δι
552 2757 675 2800 cut-a
703 2753 900 2795 memet
921 2740 1165 2794 consoler
1187 2738 1353 2792 inani.

1211 2830 1253 2880 C
1290 2826 1349 2894 iij
