1964 3638
593 185 1098 255 SYLVAEJ
1514 206 1597 254 21

128 278 298 341 Cautus
310 285 443 358 iter,
464 294 784 365 latebrasque
805 296 942 364 petit
963 293 1337 350 tremebundus
1360 310 1575 363 opacas.

131 371 254 426 ‘ralis
277 393 375 429 erat
397 380 570 433 David
584 420 600 445 ‚
624 385 842 450 pulchra
864 399 1023 451 quem
1044 399 1215 435 uxore
1235 382 1499 450 potitum,

130 459 290 530 Nilque
311 466 483 519 minus
505 470 650 521 coelo
682 483 1008 522 metuentem
1031 470 1165 521 clara
1192 469 1438 521 Deorum

130 546 320 602 Numina
344 568 637 607 terruerant
654 593 670 618 ‚
703 555 756 607 δι
786 555 1002 624 cognita
1029 555 1171 608 vatis
1200 554 1398 625 imago.

134 631 272 687 Multa
298 637 365 689 est
393 655 518 692 ante
547 643 735 693 oculos
764 642 986 695 Bersabe
1014 659 1033 700 ς
1057 657 1110 692 at
1140 644 1286 694 nulla
1316 645 1521 695 calores

131 717 253 772 Intus
283 722 480 778 flamma
513 727 649 793 parit
674 744 688 777 z
711 726 885 780 vietus
913 743 1035 780 cum
1065 743 1231 781 matre
1269 728 1514 797 Cupido,

130 804 183 854 Et
198 822 346 872 pavor
364 810 422 862 in
450 828 629 865 vacuo
657 813 799 865 solus
828 812 933 878 iam
965 812 1181 882 pectore
1206 830 1409 885 regnat.

128 891 250 954 Quid
267 895 410 948 faciat
430 900 455 951 ἓ
480 914 609 950 num
634 901 723 952 vel
755 899 1004 967 miserum
1027 902 1079 952 se
1100 917 1171 953 ex
1193 918 1308 954 arce
1332 902 1577 970 suprema

130 974 388 1047 Praecipitet
402 1020 422 1041 ,
443 987 539 1037 vel
562 984 849 1038 visceribus
871 988 1088 1038 crudum
1112 988 1295 1039 induat
1315 989 1492 1041 ensem
1513 987 1537 1038 ἓ

130 1063 247 1116 Num
262 1070 459 1121 veniam
481 1071 740 1138 exposcat
760 1110 776 1136 ‚
798 1071 1054 1141 iustasque
1077 1088 1315 1128 avertere
1331 1075 1540 1128 Divum

133 1148 336 1204 Conetur
356 1157 645 1225 lachrymis
670 1156 773 1208 iras
805 1155 827 1207 i
862 1157 1057 1210 Palatia
1082 1173 1226 1225 pone

130 1235 328 1291 Antrum
349 1257 449 1294 emt
465 1243 796 1295 horrendum
811 1240 991 1304 ,fraffi
1008 1242 1112 1310 qua
1123 1243 1364 1296 culumina
1381 1241 1582 1298 montis

129 1322 301 1378 Exesas
334 1327 460 1381 vasta
487 1330 804 1381 claudebant
839 1330 982 1380 mole
1010 1343 1260 1380 cavernas
1276 1345 1298 1388 ·,

130 1408 393 1465 Horrebant
418 1415 565 1468 rubis
594 1418 703 1468 late
730 1412 943 1472 omnia,
967 1414 1020 1466 δι
1046 1412 1279 1482 undique
1301 1413 1471 1466 sentes
1490 1450 1507 1478 ‚

132 1498 396 1570 Dumque,
422 1504 718 1570 tribulique
735 1538 754 1559 ,
789 1502 842 1552 &
867 1500 980 1553 Soli
1014 1499 1200 1569 ignota
1223 1516 1447 1570 vorago.

191 1586 305 1640 Haec
323 1587 480 1658 igitur
510 1589 742 1657 pavidus
764 1585 973 1640 sublimi
995 1584 1175 1638 David
1195 1587 1257 1638 ab
1275 1602 1397 1639 arce

129 1669 318 1740 Singula
343 1676 606 1743 spectabat
624 1712 641 1739 ,
667 1674 852 1728 dubius
880 1672 1117 1725 vitamne
1134 1712 1151 1737 ,
1173 1689 1426 1726 necemne

127 1755 328 1828 Eligeret
356 1781 369 1815 ε
399 1779 547 1814 nunc
579 1763 777 1813 coelum
805 1760 976 1813 oculis
999 1775 1157 1830 atque
1175 1760 1303 1813 astra
1323 1760 1532 1830 petebat

126 1842 369 1900 Attonitus
385 1887 401 1912 ‚
430 1851 587 1917 largo
613 1864 754 1901 nune
774 1846 976 1917 turgida
996 1846 1196 1906 lumina
1218 1845 1350 1898 fletu

127 1930 238 1983 Fixa
252 1936 454 1987 tenebat
473 1934 633 1987 humi
654 1952 671 1994 3
693 1935 904 1987 tandem
922 1931 1259 2001 circunspicit
1278 1946 1481 1985 antrum
1497 1970 1513 1995 ,

127 2019 185 2069 Et
198 2036 321 2072 mox
342 2040 355 2074 ε
374 2023 460 2073 Tu
484 2020 652 2073 nostri
673 2022 862 2073 domus
876 2057 893 2084 ‚
910 2018 1087 2089 inquit
1108 2058 1126 2084 ,
1148 2018 1360 2073 conscia
1379 2017 1570 2082 luctus,

127 2106 200 2158 Tu
226 2107 360 2158 mihi
387 2107 537 2159 testis
567 2107 667 2159 etis
691 2105 948 2174 justorum
972 2106 1084 2159 sola
1115 2107 1360 2158 dolorum
1386 2122 1405 2163 ·,

123 2190 201 2244 Sic
222 2192 399 2245 faveas
423 2190 604 2245 nostro
627 2192 915 2245 rubicunda
940 2208 1011 2244 ex
1039 2189 1261 2243 crimine
1293 2190 1437 2241 Luna
1462 2205 1477 2241 ε

125 2278 299 2342 (Forte
311 2295 421 2333 erat
432 2318 451 2343 ,
463 2293 558 2332 aut
573 2279 685 2331 visa
697 2277 769 2331 est
788 2278 985 2331 Phoebe
999 2275 1385 2342 rubicundior).
1402 2276 1472 2326 At
1486 2290 1591 2329 vos

124 2365 292 2420 Sidera
311 2402 327 2427 ‚
362 2385 482 2437 quae
509 2365 718 2418 invisos
752 2362 914 2416 toties
940 2360 1146 2412 vidistis
1175 2376 1383 2411 amores
1403 2396 1419 2422 ‚

127 2452 384 2505 Mutatum
411 2451 645 2521 spectate
670 2450 870 2503 vitum.
911 2446 1002 2499 Sic
1027 2446 1163 2498 fatus
1185 2480 1203 2506 ,
1227 2444 1478 2495 eburnam

127 2540 393 2608 Suspendit
415 2555 557 2593 zona
588 2536 838 2589 cithatam
860 2571 877 2592 .
903 2550 1007 2602 qua
1040 2531 1218 2584 suetus
1253 2530 1318 2583 ad
1352 2543 1542 2582 omnes

128 2625 309 2679 Mentis
346 2642 462 2680 erat
498 2640 652 2678 curas
682 2622 799 2684 uti,
835 2636 936 2689 qua
971 2619 1107 2687 saepe
1138 2619 1360 2670 sonante

126 2711 398 2780 Depulerat
423 2714 609 2765 saevos
645 2707 868 2760 inimico
907 2706 937 2754 a
968 2721 1091 2773 rege
1120 2705 1347 2757 furores.

129 2797 258 2869 Ergo
285 2800 392 2853 abit
410 2839 432 2866 ,
472 2811 641 2867 atque
668 2794 794 2864 sago
826 2792 1033 2847 velatus
1070 2790 1303 2843 membra
1323 2793 1549 2854 cucullo„¹
