1964 3638
329 179 1260 250 EPIGRAMMATA.
1340 258 1345 267 .
1435 178 1558 273 165

120 291 225 345 Nec
247 292 384 344 mihi
409 326 428 349 ,
463 307 559 343 nec
577 290 824 360 cuiquam
853 330 868 353 ,
889 292 1081 349 credo,
1098 292 1305 358 placere
1328 285 1519 357 potest.

74 377 149 429 Sed
167 393 332 447 neque
356 377 457 446 qui
478 376 641 431 ternis
669 379 845 432 decies
865 392 1086 432 centena
1105 376 1290 429 diebus

123 464 298 518 Fundit
314 504 331 529 ,
356 464 412 516 δι
438 462 501 515 in
521 462 734 532 sumptu
760 464 837 516 nil
865 477 1015 533 putat
1043 460 1145 515 effe
1170 460 1331 513 nimis
1357 478 1374 515 z

74 551 250 618 Quique
271 551 438 604 etiam
462 539 627 602 no'stu
650 589 666 613 ,
686 549 854 618 pofita
878 566 1001 602 cum
1022 546 1205 601 luserit
1230 564 1355 601 arca
1374 581 1396 605 0

123 638 237 689 Non
269 637 380 689 alio
411 635 527 689 ritu
557 650 797 705 tempora
825 636 959 689 lucis
991 635 1136 706 agit;

74 721 216 787 Quem
245 723 340 776 Sol
374 721 417 774 fi
445 721 626 791 primo
659 724 981 791 locupletem
1019 722 1213 774 viderit
1244 734 1399 786 ortu,

126 807 362 860 Redditus
401 824 479 860 ex
511 807 700 861 Croeso
728 808 973 877 protinus
1011 808 1123 860 Irus
1163 807 1301 868 erit3

74 893 228 959 Qualis
259 895 399 963 apud
427 894 674 964 Stygiam
697 909 915 964 torquet
946 894 1141 948 rimosa
1178 895 1418 964 paludem

130 979 266 1031 Vano
292 978 574 1051 virgineas
609 998 737 1034 urna
776 983 955 1034 labore
991 997 1198 1032 manus.

77 1065 298 1130 Quisnam
337 1065 555 1137 igitur-²
584 1067 677 1137 qui
711 1067 764 1121 se
798 1064 947 1121 'tauta
975 1067 1046 1120 fic
1074 1081 1330 1136 temperat
1355 1081 1463 1120 arte
1481 1103 1498 1132 ,

133 1153 197 1204 Ut
219 1154 450 1206 medium
486 1153 701 1206 servans
721 1193 736 1218 ,
768 1154 908 1207 vitet
938 1170 1223 1223 utrumque
1252 1157 1410 1209 latus.

83 1236 335 1304 Providus,
353 1255 408 1294 at
429 1239 607 1293 facilis
633 1259 646 1292 ε
671 1257 856 1310 parcus
876 1239 970 1292 fibi
992 1242 1199 1308 ,largus
1221 1239 1444 1302 amiciS.
1446 1253 1454 1259 ·
1554 1248 1561 1257 “

139 1325 289 1394 Atque
316 1326 483 1379 etiam
512 1328 721 1393 largus,
757 1342 879 1378 cum
912 1325 1049 1394 petit
1078 1326 1242 1387 hora,
1279 1326 1416 1385 fibi;

83 1408 174 1474 Qui
197 1427 286 1465 uec
306 1429 437 1481 opes
466 1427 608 1466 terra
636 1411 822 1464 furtim
850 1427 1212 1480 componere,
1239 1412 1328 1466 sed
1359 1428 1457 1466 uec

144 1495 339 1554 Perdere
373 1498 624 1553 discincti
658 1515 810 1551 more
840 1499 1061 1567 nepotis
1093 1511 1253 1552 amat.

386 1648 523 1711 IN
605 1645 1233 1711 GELLIAM.

93 1800 224 1867 Quod
241 1804 398 1861 nimio
428 1804 626 1862 faciem
662 1807 808 1859 cultu
844 1803 939 1859 tibi
969 1804 1145 1861 Gellia
1182 1804 1372 1877 quaeris
1398 1839 1414 1868 ‚

149 1891 203 1942 Et
225 1879 363 1947 'suffis
401 1895 583 1947 multo
612 1909 805 1960 corpus
842 1894 1008 1945 odore
1043 1908 1230 1953 tuum3

95 1973 188 2030 Hac
213 1980 400 2036 ratione
436 1979 577 2033 mihi
608 1977 776 2031 credis
807 1994 859 2031 te
896 1978 1045 2047 poss'e
1079 1981 1321 2047 placere,

154 2064 458 2136 conarisque
486 2066 576 2122 illa
612 2081 698 2117 me
719 2064 949 2117 retinere
986 2064 1095 2119 via.

99 2145 256 2213 Quare
291 2152 426 2206 alios
443 2187 462 2214 ‚
495 2149 598 2202 isto
639 2150 732 2218 qui
767 2148 1089 2201 delectentur
1126 2166 1308 2203 amore
1333 2167 1351 2202 ι

156 2235 408 2292 Personata
442 2235 575 2290 mihi
613 2237 774 2288 nulla·
796 2237 972 2303 puella·
1005 2231 1209 2304 placen

132 2378 553 2450 CLAUDIO
575 2380 1000 2446 ‘COLETO
1043 2379 1164 2444 CA
1185 2379 1546 2446 MPANO.

102 2540 216 2597 Cum
231 2549 312 2602 det
327 2550 467 2603 Rufa
489 2549 630 2601 rosas
652 2584 668 2608 ,
691 2562 812 2599 cum
834 2546 920 2598 det
942 2543 1039 2597 tibi
1063 2542 1173 2596 lilia
1197 2581 1215 2607 ‚
1242 2540 1460 2607 Claudi,

163 2632 282 2686 Cum
314 2637 400 2689 det
435 2636 570 2688 serta
600 2632 698 2686 tibi
727 2632 877 2684 crine
914 2631 1076 2701 ligata
1111 2619 1242 2688 suo;

107 2712 220 2770 Cum
244 2736 294 2774 te
327 2721 616 2791 respiciens
649 2717 872 2787 suspiret
907 2716 1125 2786 petitore
1161 2716 1224 2768 ab
1263 2714 1411 2781 imo.

163 2809 356 2864 Annuat
385 2807 586 2882 argutis
626 2822 748 2861 cum
784 2803 884 2857 tibi
915 2801 1205 2857 luminibus
1227 2819 1250 2863 5
