1964 3638
325 234 466 331 236
658 237 1497 310 LSEcvunt

645 468 1219 542 ‘ELEGIA
1298 475 1458 539 lv.

323 565 566 685 Mu
580 643 625 686 υ
641 646 669 687 s
702 631 797 686 alit
821 627 1038 690 frondes
1052 673 1068 701 ‚
1091 632 1244 688 Maio
1266 673 1282 700 ,
1302 632 1414 688 fine
1437 632 1652 688 floride
1674 629 1894 687 vitenti

393 718 474 772 Ire
505 720 649 774 nefas
688 737 704 775 t
733 737 855 774 mos
890 722 1028 785 hoc,
1061 724 1159 775 lux
1187 738 1307 776 mea
1326 760 1344 786 ,
1368 718 1593 790 priscus
1611 719 1822 774 habet.

320 803 461 874 Ergo
478 843 494 869 ‚
515 822 611 877 age
627 844 642 870 ‚
660 821 922 861 certemus
936 825 950 859 τ
964 806 1066 861 tibi
1080 845 1097 871 ‚
1117 824 1205 862 me
1220 807 1328 861 fine
1347 806 1547 860 fronde
1564 819 1835 874 reperto,

393 891 597 946 Munus
626 893 773 962 quod
800 893 1021 947 niveum
1056 893 1236 963 peetus
1263 894 1518 954 adornet,
1549 888 1690 946 erit·

324 977 620 1045 Corporis,
660 995 698 1033 o
724 983 737 1032 Ξ
765 979 899 1033 felix
925 978 1020 1033 illa
1052 981 1197 1050 quod
1228 979 1349 1033 sede
1378 979 1591 1031 fruetur
1612 1013 1635 1042 ‚

403 1062 568 1130 Cujus
597 1064 662 1118 ab
687 1064 897 1134 aspectu
926 1066 1116 1136 gaudia
1148 1063 1296 1117 mille
1333 1064 1469 1118 fero.
1556 1116 1557 1121 ,

330 1151 401 1202 At
429 1148 531 1202 tibi
561 1153 655 1204 lex
685 1151 798 1203 haec
824 1150 921 1215 fit,
961 1149 1086 1204 folii
1114 1148 1398 1203 viridantis
1429 1161 1489 1201 ut
1518 1147 1659 1201 orba
1683 1151 1710 1214 ζ

405 1235 604 1290 Oscula
634 1235 841 1309 cogaris
872 1253 1008 1290 mox
1037 1238 1159 1290 dare
1190 1252 1358 1305 pauca
1391 1234 1532 1287 mihi
1557 1252 1577 1293 ς

333 1320 533 1376 Oscula
563 1339 680 1392 quae
719 1321 916 1392 poffint
944 1321 1239 1393 fugientem
1270 1320 1451 1374 fistere'
1469 1318 1649 1373 vitam
1669 1355 1694 1385 ‚

405 1406 582 1460 Restet
616 1405 710 1461 ubi
744 1406 905 1461 nullis
934 1408 1053 1476 spes
1085 1403 1527 1460 medicaminibus
1555 1441 1572 1468 ,

333 1490 749 1563 Pallidulamque
766 1493 997 1546 animam
1020 1491 1218 1564 Stygiae
1243 1492 1529 1546 subducere
1550 1488 1747 1556 lintri,

409 1580 471 1631 In
499 1596 612 1632 non
650 1579 916 1633 concessas
946 1581 1000 1634 ὅτ.
1036 1594 1288 1633 revocare
1312 1577 1453 1634 vias.

337 1663 426 1737 Sic
453 1681 556 1733 ego
589 1682 603 1716 z
634 1665 871 1733 depresso
899 1665 970 1718 fic
1004 1668 1101 1718 lux
1136 1681 1253 1718 mea
1277 1665 1459 1719 retulit
1486 1681 1586 1719 ore

408 1752 576 1804 Pauca
594 1751 726 1816 ,sed
756 1750 955 1822 argutis
987 1754 1154 1805 multa
1179 1755 1405 1823 loquens
1435 1751 1606 1805 oculis
1626 1767 1646 1806 ε

333 1836 583 1907 Bafiaque
600 1876 616 1902 ‚
640 1838 694 1891 δι
722 1854 841 1892 mea
871 1855 981 1908 quo
1003 1837 1200 1905 iurabis
1237 1838 1372 1893 bafia
1393 1837 1542 1893 vinci
1566 1875 1583 1902 ,

409 1920 653 1992 Accipies
682 1922 920 1994 aliquid,
950 1924 991 1977 fi
1013 1926 1180 1978 modo
1210 1923 1388 1978 viCior
1420 1924 1550 1979 eris.

335 2007 527 2074 Dixit,
562 2010 616 2063 &
651 2026 715 2064 os
745 2009 962 2064 avidum
996 2011 1153 2068 roseo
1182 2010 1317 2065 mihi
1348 2010 1587 2066 molliter
1620 2026 1726 2067 ore

410 2095 625 2157 Pressit·,
660 2096 746 2163 δι,
773 2097 880 2151 ho'c
908 2113 1037 2167 cape
1063 2114 1237 2163 nunc,
1276 2111 1450 2152 cetera
1482 2096 1698 2162 vidior,
1732 2096 1835 2155 ait.

338 2180 529 2240 vietor
557 2198 653 2237 ero
686 2182 830 2238 certe
852 2222 867 2248 ‚
894 2200 994 2238 nec
1031 2200 1193 2253 opem
1228 2184 1510 2254 Cythera-‚a
1532 2185 1785 2258 negabis,

371 2303 376 2308 -
413 2270 470 2322 Si
496 2285 584 2323 tua
607 2307 623 2334 ,
653 2270 692 2322 fi
723 2270 836 2323 nati
871 2270 1089 2323 numina
1123 2268 1296 2323 fausta
1326 2273 1470 2325 colo.

340 2354 494 2409 Tunc
527 2366 632 2426 e'go
662 2354 873 2410 lascivae
906 2369 1101 2424 potero
1130 2357 1451 2412 contendere
1480 2356 1586 2413 viti
1611 2396 1633 2426 ‚

415 2443 550 2509 Quae
585 2442 638 2495 se
664 2441 862 2496 vicinis
895 2440 1136 2510 implicat
1171 2441 1464 2498 arboribus.

339 2529 456 2582 Nec
479 2542 564 2580 me
584 2527 786 2580 hederae
810 2527 989 2580 varius
1013 2526 1280 2595 superabit
1301 2527 1359 2580 in
1379 2528 1734 2601 ilice’nodus4

415 2613 633 2666 Brachia
659 2623 812 2665 erunt
837 2612 982 2664 collo
1021 2610 1092 2664 fic
1128 2628 1246 2665 mea
1272 2628 1412 2665 nexa
1440 2630 1602 2673 meat.

339 2698 414 2752 At
446 2714 548 2752 vos
585 2697 837 2767 purpurei
869 2711 1020 2768 reges
1067 2695 1330 2767 ignoscite
1360 2696 1497 2751 viai
1519 2716 1539 2754 t

412 2781 570 2839 Risus
602 2798 757 2852 erunt
782 2781 964 2840 vestrae
993 2796 1120 2837 tunc
1153 2780 1289 2837 mihi
1322 2782 1550 2839 divitie.
