1964 3638
346 254 450 346 344
775 243 1443 311 TmBEzAE

358 348 367 365 ²
421 351 489 403 Et
517 349 647 404 ficio
684 349 918 415 injiciam
952 351 1104 404 thura
1123 389 1142 417 ,
1163 355 1472 419 metumque
1503 358 1678 418 togoz

343 432 558 494 Deinde
592 436 675 489 isti
701 439 888 491 versus
908 438 1135 490 ,tumulo
1175 449 1446 505 ponentur
1468 433 1672 493 inani3

422 523 496 574 m
529 522 725 576 faciant
745 562 764 588 ‚
795 524 919 577 illos
955 523 1161 592 postera
1192 524 1342 576 turba
1375 523 1513 591 legat
1540 539 1558 575 ε

350 608 611 683 Quisquis
635 613 755 664 ades
775 649 793 674 ,
812 626 1043 665 vacuum
1071 608 1300 662 Nasonis
1330 623 1485 661 cerne
1507 606 1890 674 sepulchrum
1908 625 1934 669 ε

426 695 685 766 Quisquis
715 698 836 750 ades
855 736 872 761 ‚
904 695 1084 766 magni
1114 711 1271 748 cerne
1305 694 1577 764 sepulchra
1603 692 1777 746 Titi.

352 782 568 853 'Orphei
600 785 744 852 quod
775 783 1017 852 precibus
1049 779 1297 835 Plutonia
1328 797 1488 850 regna
1516 781 1730 832 dedere
1752 816 1777 847 ,
1809 836 1814 845 ,

425 853 557 927 Hoc,
583 869 738 922 Titus
763 889 799 934 ,·
816 869 870 922 &
898 885 1119 939 magnus
1146 867 1286 919 Naso
1323 867 1509 919 dedere
1548 863 1677 921 fibi.
1724 916 1734 923 ,

711 1137 1236 1201 ELEGIA
1314 1137 1532 1198 XII.

365 1244 514 1368 H
532 1324 569 1362 z
586 1324 618 1362 1.
633 1324 658 1364 1
675 1323 702 1363 s
726 1310 872 1380 quod
889 1311 1107 1379 speculo
1125 1310 1454 1379 multumque
1467 1305 1672 1377 diuque
1692 1320 1921 1364 retenta

439 1395 709 1450 Sacratum
732 1397 936 1450 Veneri
959 1397 1029 1448 fic
1060 1410 1356 1448 remoratur
1384 1408 1521 1464 opus
1547 1413 1562 1447 ε

364 1480 546 1537 Pallor
574 1500 678 1553 ego
700 1521 717 1548 ,
738 1497 828 1535 aut
859 1480 989 1549 justa
1020 1498 1162 1534 cet-te
1201 1481 1408 1534 ratione
1443 1493 1709 1534 movetur
1730 1521 1752 1548 ,

441 1569 560 1622 Nec
591 1568 729 1621 levis
758 1567 832 1620 est
866 1582 1024 1620 tantae
1053 1568 1203 1620 causa
1228 1581 1433 1634 reperta
1462 1582 1654 1621 ωσι-ε.

366 1651 613 1721 Namque
643 1669 742 1704 nec
771 1666 992 1704 ornatos
1030 1652 1309 1720 componit
1348 1652 1449 1705 rite
1473 1652 1704 1720 capillos
1724 1691 1748 1718 ,

447 1735 551 1788 Cui
591 1751 702 1787 non
732 1733 862 1800 juffa
893 1733 991 1786 suo
1023 1733 1118 1786 stat
1152 1751 1308 1788 coma
1336 1735 1474 1789 flava
1506 1738 1633 1789 loco
1660 1754 1682 1792 ε

369 1819 684 1890 NecTyrio
718 1819 890 1874 fucare
921 1837 1081 1889 genas
1113 1823 1367 1875 credenda
1396 1825 1579 1875 colore
1600 1860 1620 1888 ,

449 1905 556 1958 Cui
583 1906 781 1960 medias
815 1906 955 1959 intra
988 1924 1222 1976 purpura
1246 1924 1369 1966 nata
1400 1925 1582 1979 genas-

366 1989 485 2047 ‘Aut
517 1991 679 2061 igitur
715 2007 855 2045 creta
881 1995 1084 2047 collum
1109 1994 1367 2047 mentitur
1398 1997 1663 2049 eburnam
1681 2033 1705 2063 ‚

418 2126 423 2132 .
453 2078 566 2130 Aut⁴
583 2077 736 2129 labris
769 2078 964 2147 spargit
998 2080 1150 2135 rubra
1173 2096 1381 2134 venena
1406 2080 1514 2133 suis
1534 2080 1560 2132 ἒ

260 2224 264 2228 .
374 2158 452 2216 'At
483 2163 681 2216 collum
718 2177 902 2219 natura
938 2163 1020 2218 illi
1055 2166 1306 2219 conceffit
1335 2168 1595 2220 eburnum
1615 2204 1637 2234 ,

453 2248 521 2300 Et
542 2247 715 2301 minio
747 2246 888 2315 juffit
920 2250 1063 2302 labra
1095 2252 1433 2307 rubei-esno-

380 2337 494 2391 cur
520 2351 654 2388 vero
682 2347 869 2388 tenues
900 2337 1181 2390 oculorum
1215 2338 1413 2405 depilet
1438 2356 1589 2393 arcus
1609 2338 1638 2391 ἓ

457 2421 570 2475 Cur
605 2420 781 2488 jubeat
808 2422 988 2490 patula
1017 2423 1214 2476 caedere
1242 2424 1419 2477 fronte
1449 2442 1629 2479 comas
1649 2424 1678 2477 ἓ

377 2506 488 2567 ,Cui
514 2507 759 2578 geminos
790 2506 910 2559 talis
950 2507 1156 2561 testudo
1188 2523 1415 2564 exornat
1444 2513 1649 2566 ocellos
1669 2547 1694 2578 ,

459 2593 649 2662 Qualis
682 2593 914 2661 Apeuaea
947 2591 1088 2647 linea
1119 2594 1273 2650 duaa
1308 2612 1511 2658 manu·,

384 2681 455 2736 Et
486 2680 573 2732 cui
602 2683 796 2736 lunatae
827 2689 939 2733 tam
969 2680 1113 2747 larga
1152 2679 1232 2734 est,
1255 2698 1374 2734 area
1404 2682 1599 2736 frontis
1619 2719 1639 2747 ,

462 2767 538 2821 Ut
564 2765 626 2822 fit
659 2779 767 2819 tam
799 2764 976 2833 patula
1012 2764 1190 2820 fronte
1217 2781 1315 2821 nec
1343 2766 1457 2835 ipsa
1484 2769 1698 2822 Venus&

386 2849 612 2928 scilicet
641 2850 754 2907 haec
779 2847 973 2921 emptis
1008 2846 1243 2920 implerit
1272 2851 1514 2909 dentibus
1548 2868 1641 2907 ora
1664 2889 1699 2921 ,
