1964 3638
309 119 399 218 56
738 123 920 191 ΤΗ.
1021 122 1405 221 ΒΕΖΕ

427 262 1070 358 ουἰῙΕιΜι
1141 293 1736 369 LANGAE1,·

304 401 558 484 Infitbriae
580 405 827 503 Protegis
844 447 864 478 ‚
891 405 1022 466 belli
1044 405 1099 467 6·
1114 405 1277 488 pacis
1303 405 1507 469 artibus
1533 401 1870 482 clanffimt'.

379 567 632 638 Langaeus
657 566 747 620 ille
779 584 999 641 magnus
1026 568 1114 622 hic
1136 567 1303 636 iacet,
1341 566 1570 632 Leaen,

307 654 461 707 'Unus
491 654 795 708 Minervam
826 658 1006 709 colere
1039 654 1263 715 doctus,
1291 652 1345 707 δι
1378 653 1657 712 Martem
1636 666 1650 682 ·

309 742 437 808 Quo
477 757 638 795 nemo
671 741 862 795 melior
888 758 1017 810 pace
1049 740 1195 795 vixit
1224 754 1315 793 aut
1351 740 1513 793 bello.

308 825 455 880 Vitae
486 843 651 898 genus
680 829 872 881 habes·
905 828 1096 882 mortis
1125 843 1195 882 en
1226 842 1389 897 genus
1417 823 1577 878 disce.
1627 840 1632 841 ⁷

311 911 491 966 AEtate
528 914 842 984 consumpta
878 899 1143 968 laboribus
1168 913 1384 978 multis,

313 996 434 1050 Suis
468 998 787 1096 suorumque
812 1000 1055 1054 omnium
1075 1000 1185 1053 fere
1206 996 1471 1053 exhaustis

312 1084 482 1138 Bonis
521 1084 579 1137 in
614 1086 736 1138 usus
771 1085 963 1139 Galliae
1008 1085 1113 1139 sua
1135 1123 1153 1150 ,
1188 1086 1397 1137 tandem
1420 1121 1439 1149 ,

317 1173 457 1224 Cum
491 1174 610 1239 plus
637 1171 847 1225 Milone
878 1174 930 1227 δι
959 1172 1193 1226 Curione
1226 1172 1471 1231 deberet.

323 1256 554 1314 Interiit.
589 1259 730 1328 Ergo
770 1274 970 1327 pauper
1006 1258 1201 1312 occidit
1218 1295 1234 1322 ‚
1272 1256 1417 1310 dices
1440 1275 1459 1312 ε

318 1344 490 1398 Immo
522 1345 763 1414 locuples
789 1381 805 1408 ‚
832 1343 919 1397 cui
945 1342 1115 1412 patria
1137 1342 1314 1397 debuit
1342 1356 1568 1396 tantum.

324 1491 858 1562 STEPHANI
915 1493 1347 1574 DOLETI,
1386 1491 1849 1560 AURELII.

550 1646 553 1649 η
1009 1596 1181 1684 1546.

539 1742 826 1801 Ardentem
856 1749 1033 1802 medio
1061 1765 1199 1822 rogo
1224 1750 1484 1803 Doletum

472 1835 516 1887 C
518 1827 709 1909 eruens
739 1833 1011 1890 Aonidum
1046 1838 1241 1890 chorus
1273 1837 1516 1892 sororum
1536 1876 1557 1903 ‚

471 1923 637 1975 Carus
671 1921 763 1975 ille
792 1922 884 1975 diu
912 1924 1105 1976 chorus
1136 1923 1341 1977 Doleto
1358 1960 1378 1988 ‚

471 2008 646 2060 Totus
672 2007 933 2078 ingemuit
951 2025 971 2068 3
1002 2025 1099 2062 nec
1134 2010 1242 2062 ulla
1275 2009 1493 2079 prorsus

470 2093 516 2145 E
548 2093 816 2148 sororibus
851 2094 924 2147 est
945 2109 1151 2163 reperta
1174 2094 1417 2160 cunffls

473 2179 636 2233 Naias
666 2181 847 2243 nulla,
878 2180 1141 2244 Driasve,
1177 2180 1467 2245 Nereisve‚
1542 2199 1548 2204 ·

475 2265 615 2331 Quae
638 2280 749 2318 non
777 2267 866 2318 vel
900 2264 1187 2335 lachrymis
1215 2265 1356 2331 suis,
1389 2268 1479 2321 ve'l
1509 2265 1681 2322 hausta

473 2351 662 2418 Fontis
691 2349 904 2422 pegasei
934 2350 1161 2405 studeret
1187 2354 1365 2417 unda,

479 2439 732 2493 Crudeles
754 2440 885 2492 adeo
915 2438 1132 2491 domare
1159 2437 1419 2491 flammas·

479 2524 586 2578 Et
572 2540 678 2592 jam
701 2537 851 2584 totus
883 2537 997 2576 erat
1024 2523 1299 2591 sepultus
1283 2523 1425 2594 ignis
1447 2540 1469 2585 3

482 2612 600 2665 Jam
625 2612 776 2679 largo
809 2607 1044 2661 madidus
1072 2610 1303 2663 Doletus
1339 2609 1507 2667 imbre

482 2696 770 2764 Exemptus
799 2706 1009 2765 poterat
1033 2693 1153 2749 neci
1177 2694 1384 2751 viderit
