1964 3638
175 206 416 284 '220
605 209 1440 280 J.S·EcUNDt

407 320 714 389 Utrumque.
730 336 834 374 nec
862 322 1086 390 longum
1121 337 1222 377 nec
1248 323 1416 377 udum
1435 338 1463 380 3

408 405 603 473 Qualia
633 405 861 479 teligeto
888 407 1067 461 Diana

332 558 445 611 Dat
467 556 599 610 casta
624 555 808 618 fratri,
835 556 1014 628 qualia
1042 559 1131 612 dat
1163 557 1302 630 patri

332 645 566 714 Experta
593 646 774 699 nullos
807 659 930 699 nata
958 644 1247 714 Cupidines
1268 663 1286 699 t

401 731 546 784 Mox
572 748 603 784 e
632 729 769 783 meis
801 730 999 783 lasciva
1028 730 1216 783 ocellis

399 816 568 869 Curre
593 817 784 885 procul
811 815 1072 868 natitante
1100 816 1301 889 planta.

328 968 395 1021 Et
424 981 477 1020 te
508 965 734 1020 remotis
762 965 821 1018 in
848 965 1248 1035 penetralibus‚‘

329 1055 395 1108 Et
428 1067 483 1107 te
514 1052 725 1106 latebris
754 1053 980 1105 abditam
1014 1052 1075 1105 in
1111 1050 1315 1106 intimis

399 1140 603 1208 Sequar
630 1138 851 1190 latebras
880 1136 1046 1205 usque
1076 1135 1135 1188 in
1164 1136 1297 1190 imas
1318 1153 1342 1198 ⁶,

396 1225 459 1277 In
486 1224 757 1294 penetrale
782 1223 967 1291 sequar
997 1221 1263 1294 repostum
1285 1242 1304 1276 t

323 1374 662 1444 Praedamque
688 1372 866 1427 vietor
892 1371 1130 1426 fervidus
1158 1371 1217 1426 in
1239 1389 1422 1429 meam

324 1458 591 1528 Utrinque
617 1458 810 1512 heriles
842 1456 1089 1522 injiciens
1117 1475 1303 1513 manus
1323 1498 1342 1524 ‚

395 1546 637 1613 Raptabo
655 1582 673 1609 ,
699 1558 760 1597 ut
791 1542 1062 1596 imbellem
1087 1546 1386 1598 columbam

394 1631 677 1702 Unguibus
706 1627 961 1697 accipiter
993 1630 1251 1686 recurvis.

321 1768 409 1823 Tu
437 1768 777 1837 deprecantes
804 1764 950 1821 vieta
984 1767 1130 1823 dabis
1160 1785 1346 1825 manus
1363 1806 1387 1842 ,

322 1853 647 1924 Haerensque
678 1854 814 1911 totis
851 1857 1078 1923 pendula
1107 1858 1331 1913 brachiis
1350 1896 1372 1927 ,

394 1943 609 1996 Placere
645 1957 733 1994 me
760 1941 964 2012 septem
992 1940 1192 2007 iocofis

394 2027 618 2083 Bafiolis
649 2027 835 2098 cupies
865 2027 1066 2097 inepta.
1172 2095 1177 2098 Ι

322 2166 531 2223 Errabis
554 2186 571 2223 t
602 2164 733 2220 illud
752 2157 956 2220 crime'n
974 2179 1036 2220 ut
1056 2169 1230 2223 eluant
1252 2176 1272 2234 3

323 2257 551 2324 septena
573 2251 790 2323 iungam
817 2251 954 2305 bafia
982 2252 1178 2321 septies
1196 2293 1216 2319 ,

393 2341 572 2409 Atque
594 2340 701 2391 hoc
727 2338 978 2391 catenatis
1010 2338 1221 2393 lacertis

392 2422 686 2493 Impediam
702 2460 721 2487 ,
747 2422 975 2493 fugitiva
997 2458 1018 2481 ‚
1054 2426 1250 2479 collum
1275 2442 1294 2479 t

325 2566 474 2619 Dum
504 2557 787 2631 persolutis
819 2561 1069 2614 omnibus
1099 2561 1332 2629 osculis‚'

323 2649 532 2708 Iurabis
565 2662 753 2702 omnes
785 2662 880 2714 pet·
916 2663 1140 2701 veneres
1172 2662 1287 2703 tuas
1309 2686 1331 2717 ,

398 2737 481 2789 Te
516 2733 705 2805 saepius
734 2748 921 2802 poenas
952 2733 1161 2787 easdem

403 2820 643 2875 Crimine
671 2822 815 2877 velle
846 2818 962 2892 pari
989 2818 1184 2877 subire.
