1964 3638
292 195 393 269 ’16
729 205 915 276 ΤΗ.
1014 205 1398 274 BEzAE

287 310 363 362 At
396 307 534 382 vigil
568 308 755 369 insano
786 317 992 371 fraudes
1020 318 1078 371 in
1106 318 1321 386 perre
1346 312 1521 369 David

289 396 448 451 Mille
469 413 615 466 parat
637 420 654 460 ς
679 405 937 456 calamum
959 406 1169 457 tandem
1192 403 1468 473 poscitque
1489 397 1725 452 tabellas
1747 398 1772 459 Ξ
1841 464 1844 469 .

290 480 359 532 Et
391 484 444 535 se
475 486 540 538 de
572 488 754 553 patriae
792 491 945 542 rebus
982 486 1108 543 dum
1135 490 1357 543 scribere
1386 488 1551 543 multa

289 569 551 624 'Vei-sutus
583 573 787 627 simulat
803 613 819 638 ‚
848 576 1002 628 versa
1036 577 1092 629 in
1116 575 1378 628 contraria
1414 585 1592 626 mente
1610 605 1637 628 2

289 654 519 740 Imperat
547 674 608 711 ut
638 676 828 731 pugnae
861 660 1108 714 statuatur
1143 663 1200 715 in
1236 661 1423 714 ordine
1458 658 1674 727 primus

291 741 482 806 Urias,
515 746 820 815 primusque
852 763 969 801 ruat
997 748 1286 802 moriturus
1312 747 1368 799 in
1399 744 1596 806 hostes·

365 829 505 899 Ergo
543 847 602 883 ut
627 834 798 900 prima
831 836 973 888 dedit
1008 835 1277 889 venientis
1310 834 1453 904 figna
1488 830 1597 884 diei

289 914 499 969 Lucifer
520 956 536 980 ,
566 918 751 972 Uriam
783 937 916 973 mox
948 923 1009 974 in
1039 923 1133 974 sua
1167 921 1326 976 castra
1361 915 1561 971 reverti

290 1000 414 1053 Rex
444 999 619 1068 iubet,
653 1006 1035 1076 inscriptasque
1067 1006 1188 1060 duci
1223 1006 1454 1075 perferre
1484 1001 1744 1056 tabellasa'

291 1085 470 1139 Laetus
503 1103 558 1141 at
590 1090 682 1143 ille
714 1095 898 1156 volat,
930 1109 1028 1145 nec
1055 1093 1109 1144 se
1138 1093 1229 1145 sua
1259 1093 1363 1145 fata
1396 1104 1578 1142 tenere

289 1172 482 1228 Clausa
501 1192 662 1231 manu
688 1176 846 1231 novit
867 1195 882 1229 z
909 1180 1225 1244 tandemque
1251 1176 1309 1229 in
1328 1178 1505 1245 fronte
1525 1178 1747 1227 locatus
1766 1208 1788 1235 ‚

290 1260 621 1315 Immeritam
647 1263 838 1316 infelix
864 1263 1022 1332 petiit
1048 1280 1144 1331 per
1171 1264 1394 1314 vulnera
1427 1276 1686 1314 mortem.

292 1346 421 1401 Haec
447 1364 593 1417 pater
628 1349 971 1417 omnipotens
1006 1365 1078 1401 ex
1107 1351 1216 1400 alto
1247 1347 1445 1416 fingula
1476 1346 1622 1397 coelo

294 1436 592 1494 Cernebat,
625 1434 730 1501 jam
752 1451 872 1487 tum
903 1435 1066 1487 iratus
1083 1471 1100 1498 ‚
1127 1441 1254 1486 cum·
1283 1433 1467 1484 cedere
1500 1428 1635 1483 foedi

294 1519 531 1589 Imperio
558 1521 799 1575 insanum
834 1538 1016 1592 regem
1043 1519 1298 1589 spestatet
1328 1510 1546 1571 arnor-is.

295 1609 373 1660 Ut
410 1624 545 1669 vero
585 1609 851 1660 insontem
889 1606 1131 1661 cecidiffe
1168 1604 1392 1676 agnovit
1424 1604 1652 1657 amicum
1680 1640 1700 1669 ‚

295 1693 365 1745 Et
394 1692 510 1744 fuso
541 1692 1004 1762 hostiles·gladios·
1039 1691 1253 1745 tin‘xiffe
1283 1708 1507 1753 cruore3

296 1779 440 1832 Tum
462 1778 673 1831 demum
694 1777 967 1831 infremuit
997 1793 1143 1831 totus
1160 1816 1176 1842 ‚
1200 1781 1515 1847 vultumque
1539 1777 1796 1831 serenum

299 1865 472 1917 Iratus
503 1864 684 1931 posuit
711 1883 726 1918 t
759 1878 1088 1919 tremuerunt
1116 1866 1300 1918 omnia
1322 1867 1428 1917 late
1459 1899 1475 1924 ‚

298 1950 657 2019 Terribilique
684 1953 871 2019 procul
905 1951 1194 2004 sonuerunt
1226 1949 1355 2003 astra
1389 1950 1622 2020 fragore.

301 2035 553 2089 Protinus
585 2053 781 2089 exorto
808 2036 1067 2105 compleri
1103 2053 1369 2090 murmure
1406 2038 1604 2088 coelum

301 2122 540 2176 Turbato
572 2122 739 2191 coepit
765 2124 1006 2176 Domino
1026 2160 1045 2183 ,
1066 2123 1395 2190 veniuntque
1430 2122 1742 2191 frequentes

302 2208 509 2279 Aliger-i
534 2211 740 2263 fratres.
775 2211 909 2276 Quae
943 2210 1077 2261 tanti
1116 2210 1265 2262 causa
1296 2211 1553 2261 tumultus

303 2296 449 2354 Inter
484 2295 539 2348 se
580 2293 817 2363 rogitant
847 2293 1074 2363 trepidi,
1106 2312 1221 2363 quae
1244 2294 1356 2347 litis
1391 2294 1577 2363 origo,

306 2375 463 2448 Quos
494 2382 627 2434 haee·
650 2380 728 2433 ira
748 2395 899 2435 notet
927 2400 942 2434 z
966 2398 1095 2433 num
1126 2396 1266 2433 totas
1298 2381 1517 2435 fuimine
1552 2396 1721 2434 terras

255 2522 257 2525 Α
306 2467 527 2523 Perdere
554 2468 693 2521 forte
726 2482 874 2535 paret
893 2503 909 2528 ‚
949 2484 1075 2519 num
1107 2468 1234 2520 coeli
1268 2469 1545 2519 extrudere
1582 2466 1733 2520 cives
1759 2504 1778 2530 ‚

306 2555 417 2607 Aut
439 2554 662 2623 priscum
683 2568 936 2605 revocare
966 2553 1146 2612 chaos.
1174 2551 1389 2621 Quippe
1412 2550 1579 2605 affore
1615 2566 1829 2621 tempus

308 2639 599 2695 Audieram
619 2678 635 2703 ‚
660 2638 806 2707 ipsos
840 2638 974 2690 olim
1003 2639 1146 2706 quod
1167 2653 1400 2691 verteret
1426 2639 1582 2691 orbes
1793 2683 1796 2686 .

311 2726 626 2792 Coelorurn,
658 2727 916 2779 &·totum
943 2722 1173 2777 flammis
1207 2725 1448 2782 misceret
1485 2727 1797 2794 olympum.

310 2813 592 2876 coelorum
615 2810 673 2867 in
698 2810 882 2867 medio
905 2850 937 2879 ‚,
962 2826 1066 2881 qua
1097 2810 1331 2881 sesuper
1361 2809 1541 2866 omnia
1569 2811 1722 2866 ‘tollit
