1964 3638
534 203 594 266 S
633 220 689 271 A
748 222 796 275 T
849 225 904 279 Γ
950 233 1003 283 a
1052 238 1145 289 A.
1467 257 1591 336 145

50 289 180 348 Non
196 310 295 349 aut
316 299 563 373 virtute,
587 311 833 383 ingenuis
859 334 949 374 aut
976 329 1172 386 artibus
1202 335 1354 403 (illas

44 375 171 442 lpse
198 382 292 437 fua
317 403 394 439 ex
418 409 581 461 aequo
604 414 724 453 cum
751 410 892 461 mula
920 413 1195 486 noviom
1218 424 1325 478 astu

49 463 252 521 Sensim
280 473 582 534 subducens
600 485 758 541 fatuis
770 492 1073 569 fundosque
1093 542 1108 567 ‚
1136 508 1375 583 laresque
1390 556 1409 583 ,

50 547 289 608 Tandem
302 560 421 614 {mc
440 572 696 633 pervenit
721 593 736 629 ε
758 580 922 635 rabidi
945 601 1086 642 nunc
1106 608 1259 651 more
1281 603 1462 661 leonis

51 633 316 696 Ventrem
335 650 496 718 adipe
513 653 784 715 insontum
803 667 854 717 &
869 670 1182 733 miserorum
1194 684 1448 757 sanguine
1458 695 1634 762 farcit,

117 726 318 795 Aspice
340 734 397 785 δε
415 738 559 792 hunc
581 743 673 811 qui
695 747 935 821 didussto,
955 775 1050 813 ceu
1075 763 1249 835 fimia‚
1273 773 1410 831 τίἂιι

48 805 223 865 Putris
242 816 494 889 gingivae
521 825 736 884 viduata
762 835 945 894 sedilia
968 849 1173 918 pandit.
1299 859 1300 862 ’
1353 925 1360 928 .
1433 921 1438 928 ‚

116 895 389 964 Quotidie
408 908 555 965 hunc
575 915 757 972 videas
780 924 937 979 nitidi
959 931 1053 985 sub
1074 937 1303 1005 primula
1326 947 1454 1004 solis

46 978 300 1053 Lumina,
324 995 451 1045 cum
476 1000 710 1067 trepidus
734 1009 938 1075 postico
966 1017 1156 1075 limine
1179 1027 1367 1085 furtim
1416 1033 1426 1043 '

50 1072 259 1128 Emittit
288 1094 406 1134 tota
435 1102 686 1145 vexatam
716 1097 874 1151 noste
903 1091 1133 1171 puellam
1157 1149 1173 1176 ,

43 1159 253 1229 Repete
277 1170 541 1234 paulatim
573 1193 668 1244 per
697 1182 910 1239 delubra
941 1195 1125 1248 omnia
1144 1234 1160 1260 ,
1190 1200 1245 1252 δι
1278 1202 1391 1261 illic

47 1247 275 1319 Obstipo
299 1256 479 1323 capite
501 1299 518 1325 ,
553 1262 605 1316 &
634 1268 1021 1337 trepidantibus
1055 1283 1219 1352 usque
1247 1290 1452 1348 labellis

41 1334 198 1390 Nunc
233 1340 331 1394 has
351 1380 367 1407 ‚
400 1361 543 1401 nunc
575 1349 693 1407 inas
726 1362 991 1424 provolvi
1018 1381 1271 1428 cernuum
1309 1381 1373 1432 ad
1403 1399 1536 1441 aras.

41 1421 185 1475 Hinc
210 1426 424 1484 rediens
455 1450 570 1488 non
602 1436 694 1492 ilie
721 1440 915 1513 inopes
950 1451 1187 1512 fraudare
1218 1468 1455 1537 recuset,

38 1508 165 1562 Non
193 1512 424 1570 delatori
459 1521 689 1588 periuria
715 1534 948 1588 vendere
991 1539 1172 1597 Cordo
1192 1586 1208 1611 ‚

38 1596 88 1645 N
91 1613 165 1648 on
183 1598 363 1655 facere
383 1607 597 1674 omnia,
620 1629 740 1681 quae
756 1619 844 1669 vel
869 1618 1044 1678 dicere
1062 1628 1161 1713 yix
1182 1634 1247 1688 fit
1268 1638 1562 1705 honestum.

38 1680 170 1736 Vim
194 1700 351 1754 putat
369 1689 503 1745 hanc
523 1696 740 1752 demens
762 1701 864 1757 effe
886 1704 943 1760 in
961 1711 1258 1776 lustralibus
1275 1730 1434 1785 -undis
1451 1771 1469 1797 ‚

39 1767 247 1840 Perque
268 1757 464 1844 globo}
482 1783 726 1849 precibus
754 1788 988 1850 distrasta
1012 1816 1190 1860 mente
1212 1815 1415 1872 volutis
1499 1864 1502 1867 .

38 1855 110 1907 Ut
137 1858 175 1920 fi
206 1863 299 1913 vel
331 1864 448 1917 cani
476 1865 719 1939 jugulum
748 1879 911 1944 patris
939 1888 1061 1940 ense
1085 1895 1358 1968 resolvat,

37 1943 354 2001 Dummodo
373 1957 629 2009 mortales
648 1954 839 2017 o‘culos
854 1966 1104 2040 effugerit
1118 2017 1135 2042 ,
1157 1979 1271 2050 ipse

38 2028 263 2085 Conscia
284 2034 495 2092 securus
517 2057 859 2117 contemnere
878 2055 1082 2114 lumina
1104 2067 1279 2132 poffit.

112 2117 166 2169 Ο
180 2118 198 2168 ’Ξ
219 2118 545 2180 simulatores
563 2164 579 2189 ‚
601 2144 794 2187 tetrum
819 2155 978 2206 pecus
1000 2185 1016 2211 ,
1035 2163 1096 2201 ut
1118 2154 1250 2209 mihi
1274 2159 1413 2231 saepe

37 2200 149 2256 Bile
177 2202 326 2270 iecur
347 2209 523 2266 vitrea
555 2213 843 2275 diffinditur
869 2223 962 2282 ista
993 2235 1181 2290 tuenti.

110 2291 337 2347 Creditis
358 2298 458 2350 effe
479 2299 656 2355 Deum
674 2308 818 2363 coelo
845 2313 938 2381 qui
959 2316 1087 2370 talia
1111 2340 1260 2379 curet
1284 2331 1308 2383 ἓ

37 2376 330 2445 Exprimite
352 2384 459 2438 hoc
481 2387 648 2443 factis.
670 2392 798 2447 Non
816 2400 1035 2455 creditis
1056 2406 1079 2457 ἓ
1099 2407 1308 2474 abjicite
1329 2432 1460 2488 ergo

37 2461 184 2518 Hunc
196 2467 383 2521 fucum
399 2507 417 2528 .
440 2473 493 2524 &
515 2477 667 2529 vultu
685 2480 823 2534 ruite
840 2482 902 2536 in
921 2485 1090 2543 scelus
1109 2504 1515 2560 omneretesto.

37 2548 144 2603 Hoc
171 2570 279 2624 ego
310 2558 579 2612 larvarum
604 2579 771 2632 genus
793 2569 1085 2630 exitialiter
1112 2582 1220 2635 odi.

70 2639 171 2693 Sed
185 2641 316 2711 quid
332 2660 437 2714 ego
453 2663 767 2706 enumerans
780 2658 1131 2731 nequicquam
1142 2669 1341 2742 fingula
1355 2687 1546 2740 conor?

37 2725 125 2780 Res
139 2743 284 2782 caret
294 2728 391 2784 illa
408 2735 573 2787 modo
589 2772 605 2802 ‚
619 2752 809 2805 genera
821 2740 934 2811 ipsa
952 2754 1209 2810 evolvere
1221 2760 1442 2834 longum
1457 2770 1546 2825 est.

37 2812 243 2885 stupra,
266 2817 410 2885 doli,
430 2819 674 2890 fraudes,
694 2825 927 2896 perjuria
941 2872 955 2900 ,
979 2835 1114 2895 furta
1129 2882 1146 2908 ‚
1167 2845 1365 2914 rapinae
1378 2892 1397 2922 ‚

1198 2932 1254 2990 G
1371 3002 1374 3005 .
