1964 3638
357 168 422 235 E
460 184 516 249 ι’
566 185 608 255 ι
661 184 710 235 T
756 182 813 236 A
862 186 916 237 P
963 187 1029 237 H
1079 184 1120 237 ι
1165 185 1245 238 A.
1479 187 1573 262 49

226 273 342 350 Quae
361 315 375 342 ,
409 293 529 331 cum
555 277 777 332 foemina
801 277 872 332 sit
893 317 909 344 ,
943 293 1123 333 tamen
1141 275 1292 332 virili

224 359 354 417 Intus
373 362 445 417 est
461 363 643 418 animo
661 402 676 428 ,
708 379 769 417 ut
791 365 966 418 ferunt
999 367 1194 434 poete.

222 449 317 502 Sed
333 448 402 502 est
426 462 554 505 uota
576 448 703 503 satis
735 464 949 505 cruenta
975 451 1144 506 Panas
1162 488 1180 517 ,

219 533 283 586 Et
309 534 483 588 insana
514 534 694 588 Defim
727 535 893 588 libido
921 551 1069 589 nota.

209 619 348 691 Ergo
367 620 495 691 quid
525 620 757 688 superest
776 660 793 686 ,
824 621 931 674 nisi
952 638 1012 675 ut
1034 634 1280 691 putemus

224 706 467 772 Quiddam
495 707 603 759 hoc
634 705 694 758 in
725 709 934 761 tumulo
955 711 1150 774 latere,
1177 708 1320 778 quod
1340 704 1414 762 sit

223 792 608 863 Foeminisque‚
629 792 906 864 virisque,
928 796 1136 866 Disque
1165 795 1334 862 majus
1359 795 1381 847 ἓ

94 940 370 1006 ANTON
383 944 410 1006 1
423 944 450 1006 1
488 942 756 1008 PRATE
769 944 877 1007 NS
891 946 919 1008 1
931 945 970 1008 S
1012 945 1533 1011 CANCELLARI
1546 947 1575 1008 Ι

629 1042 686 1096 G
706 1055 749 1094 A
774 1057 807 1094 1.
828 1057 861 1094 1.
883 1057 909 1095 1
929 1058 1012 1110 ε,

388 1158 645 1224 Omnium
678 1160 941 1242 obesbrum
975 1164 1116 1245 obes
1095 1164 1259 1243 ffimt.

357 1307 714 1378 Ampliffimus
740 1308 830 1363 vir
850 1308 938 1365 hic
963 1307 1118 1375 iacet.

97 1437 417 1504 EOBANI
467 1443 741 1507 HESSI
779 1442 1121 1507 POETAE
1161 1439 1581 1509 EGREGII.

96 1587 315 1643 Venerat
350 1605 536 1645 exutus
565 1590 783 1647 mortali
805 1608 1031 1661 corpore
1067 1606 1237 1662 nuper

159 1674 336 1730 Heffus
354 1716 370 1742 ‚
402 1692 461 1732 ut
495 1677 714 1731 infernis
745 1678 1075 1746 exciperetur
1106 1678 1292 1749 aquis:

95 1760 256 1828 Quem
289 1777 442 1817 torve
477 1763 704 1817 intuitus
734 1763 1019 1835 squalentis
1044 1764 1278 1833 portitor
1304 1764 1473 1834 Orci,

160 1850 255 1903 Hic
277 1851 350 1904 ait
369 1891 386 1918 ‚
411 1852 506 1905 hic
533 1863 706 1921 gratus
731 1850 978 1904 Manibus
1001 1849 1198 1921 hospes
1217 1851 1339 1908 erit.

92 1935 230 1989 Tune
247 1936 515 2007 Syracusii
544 1938 776 1990 calamos
799 1935 1018 2005 impune
1045 1937 1220 2005 poete
1243 1976 1262 2004 ,

156 2021 537 2092 Maeonidaeque
563 2022 769 2085 tubam',
800 2021 1015 2091 peffime
1034 2061 1050 2088 ,
1072 2022 1372 2092 surpueris?

92 2105 338 2171 Dixerat'⁸
354 2139 355 2142 =
370 2107 428 2161 ἃ.
455 2108 622 2161 media
644 2120 796 2161 vates
820 2106 926 2174 jam
948 2124 1127 2175 puppe
1154 2108 1361 2161 sedebat
1382 2145 1404 2174 ‚

157 2194 289 2247 Cum
324 2192 496 2247 vetuit
522 2206 733 2247 nautam
760 2207 978 2263 pergere
1004 2192 1325 2246 MercuriuS.

90 2284 167 2335 Ne
184 2280 406 2347 saevito‘‚
439 2282 617 2334 Senex
637 2314 654 2337 ‚
693 2276 901 2346 inquit:
928 2294 1053 2330 nam
1082 2278 1330 2333 vendicat
1363 2278 1517 2333 istum

154 2367 358 2437 Jupiter
377 2401 396 2425 ,
430 2366 483 2419 &
508 2364 767 2433 Superum
800 2375 986 2414 caetera
1016 2364 1167 2414 turba
1190 2399 1206 2426 ‚
1252 2363 1375 2418 sibi.

91 2452 339 2507 Extinetis
364 2450 483 2505 aliis
504 2448 686 2520 potuit
705 2447 797 2518 qui
820 2447 1033 2500 reddere
1061 2446 1232 2501 vitam
1248 2486 1267 2512 ‚

153 2537 295 2594 Ditis
320 2536 379 2593 in
401 2536 542 2592 hunc
567 2532 781 2604 poffunt
800 2530 914 2598 juta
933 2532 1116 2589 severa
1132 2533 1288 2592 nihil.

703 2668 943 2749 ’καθ’
