1964 3638
161 231 297 299 vici
311 234 526 295 Murem
545 230 575 318 (
592 231 758 297 unde
777 238 947 319 genti
965 254 1198 301 nomen
1211 231 1242 322 )
1255 254 1448 301 anno
1475 256 1502 300 1
1523 239 1685 325 5²⁶3

172 338 239 399 δι
265 338 472 400 Romae
510 351 793 399 mortuus
826 358 993 401 anno
1032 341 1196 426 1585
1221 386 1242 417 ‚
1278 339 1543 423 scriptor
1572 340 1687 402 La-

170 442 322 502 tinus
368 437 457 500 est
501 457 539 500 e
587 435 809 501 nostris
864 439 1279 524 &plerisque
1331 442 1690 505 recentibus

167 543 264 624 qui
305 540 588 624 proxime
633 539 778 618 styli
820 541 1087 603 Romani
1127 544 1394 607 nitorem
1442 562 1515 607 ac
1560 543 1691 606 ele·

165 644 422 726 gantiam
471 641 789 705 aemulatus
839 641 906 704 &
955 640 1276 706 assecutus.
1325 644 1386 707 Is
1431 663 1686 727 quoque

165 749 450 810 Iuvenilia
506 744 644 808 lusit
676 792 696 822 ,
751 746 1085 829 eademque
1141 767 1272 812 non
1324 748 1634 809 inamoena
1662 791 1685 825 ,

162 869 275 912 nec
307 848 337 934 (
351 864 425 911 ut
461 830 659 931 nilper
697 848 762 908 in
798 848 1127 909 Annalibus
1163 849 1398 931 Poefios
1443 849 1686 910 Gallica

130 952 340 1023 wssTom.
373 950 489 1012 vl.
523 969 660 1032 pag.
696 949 844 1034 256.
881 947 1169 1033 scriptum
1197 946 1497 1033 legimus)
1527 949 1687 1013 adeo

148 1053 321 1134 parvi
364 1052 647 1134 estimata.
698 1050 939 1113 Etenim
979 1068 1053 1114 ut
1090 1053 1498 1116 concedamus
1541 1071 1686 1116 raro

156 1155 476 1216 Muretum
506 1148 812 1234 affurgere
838 1197 858 1226 ‚
893 1153 958 1214 &
993 1156 1221 1236 poetici
1253 1155 1477 1216 caloris
1509 1154 1694 1235 quid-2

156 1257 324 1337 piam
364 1255 426 1314 in
458 1272 536 1316 eo
575 1251 900 1315 desiderari
937 1275 960 1329 3
997 1270 1062 1315 at
1099 1254 1365 1336 genuina
1399 1254 1696 1329 Latinitaq

156 1372 221 1420 te
252 1403 272 1433 ,
319 1357 593 1417 omnium
642 1351 776 1416 fere
819 1369 1142 1436 poetarum
1181 1356 1325 1438 qui,
1365 1375 1403 1418 a
1444 1356 1693 1420 Litteris

155 1457 452 1522 restitutis
470 1502 490 1531 ‚
528 1454 748 1517 Latine
779 1453 1139 1539 scripserunt
1160 1504 1180 1534 ,
1219 1460 1506 1541 perpauci
1543 1478 1688 1522 eum

163 1555 493 1642 aequaviss'e
528 1557 842 1620 videntur.
891 1558 1127 1622 Mureti
1161 1560 1486 1623 Iuvenilia·
1514 1558 1689 1644 (quo

155 1662 413 1725 nomine
443 1658 795 1740 accipienda
823 1655 960 1720 sunt
990 1660 1214 1745 Elegiae
1234 1708 1255 1737 ‚
1279 1663 1690 1746 Epigramma.

157 1780 216 1827 ta
238 1809 265 1837 ,
310 1759 602 1845 Epistolae
626 1805 646 1835 ,
685 1759 880 1837 Odae,
930 1759 1098 1846 διο.)
1136 1765 1212 1826 ab
1250 1763 1505 1847 ipsomet
1536 1781 1688 1829 tunc

156 1866 360 1929 aetatis
425 1882 654 1925 annum
728 1862 970 1925 circiter
1029 1855 1389 1948 vigesimum
1451 1865 1691 1931 sextum

152 1981 383 2053 agente
405 2011 427 2041 ,
451 1964 705 2047 vulgata
734 1962 968 2026 Parisiis
997 1985 1163 2029 anno
1202 1988 1387 2054 1552.
1412 1968 1501 2030 Ea
1529 1987 1691 2032 vero

153 2093 308 2136 cum
346 2070 426 2129 ab
468 2067 761 2150 Editione
787 2067 1072 2148 primaria
1093 2114 1113 2143 ‚
1152 2070 1215 2131 in
1251 2067 1694 2154 posterioribus

152 2168 474 2259 plerisque
499 2167 561 2229 &
577 2166 910 2251 praesertim
929 2168 1310 2250 inLeydenfi
1325 2214 1345 2243 ‚
1374 2189 1471 2231 an.
1493 2191 1699 2256 1757,

157 2271 495 2336 identidem
548 2271 934 2332 accreverint
973 2316 994 2345 ‚
1044 2291 1209 2333 nunc
1263 2272 1507 2352 quidem
1567 2291 1697 2334 non

146 2357 444 2455 'juventae
477 2368 643 2431 solos
681 2368 1468 2452 lusus‚sed1prove&‹ioris
1501 2375 1697 2436 aetatis

164 2476 350 2538 faetus
409 2473 595 2536 etiam
620 2467 1045 2547 munuum,
1087 2469 1483 2554 proferunt.
1529 2475 1694 2555 quod

161 2574 371 2663 paffim
418 2571 748 2637 observare
790 2573 991 2649 licet,
1040 2572 1107 2635 &
1151 2575 1238 2660 in
1261 2574 1529 2639 carmine
1568 2576 1696 2658 Ly-

163 2680 297 2742 tico
333 2675 410 2739 ad
446 2676 697 2738 Petrum
738 2673 1102 2738 Gerardium
1133 2696 1271 2759 pag.
1309 2698 1468 2763 197,
1502 2679 1700 2764 palam

167 2779 275 2847 est.
313 2779 455 2845 Nec
493 2793 700 2841 tamen
740 2777 899 2852 intra
937 2778 1274 2864 carminum
1312 2780 1493 2844 hosce
1525 2781 1708 2863 quafi
