1964 3638
138 394 269 466 AD
328 394 400 464 P.
454 394 846 467 RUFUM
909 397 1452 488 DRU1DAM

77 556 982 620 coNSILlARIUM
1057 562 1555 624 REGIUM

299 660 805 724 SATYRARUM
844 664 1269 744 Lanatus·

229 781 790 870 SATYRA
882 814 1361 874 PRIMA

83 898 454 1021 JAMD'UDUM
482 964 692 1019 tumido
719 966 851 1020 mihi
877 968 1004 1022 bilis
1033 969 1297 1037 inhepate
1318 968 1524 1038 fervet,
1569 1001 1574 1002 ff

85 1047 139 1097 Et‘
153 1050 304 1118 rumpi
329 1067 512 1105 metuo
531 1092 547 1115 ‚
584 1053 684 1105 nifi
709 1067 761 1106 te
784 1093 801 1118 ,
831 1053 1148 1109 Auruncane
1168 1094 1184 1119 ,
1221 1056 1427 1109 secutus
1444 1093 1460 1120 ,

83 1134 278 1189 Inficiam
305 1153 485 1193 tenues
522 1141 758 1194 mordaci
791 1142 1024 1195 carmine
1060 1144 1284 1194 chartas.

88 1220 206 1275 Tune
231 1224 350 1277 aufis
377 1226 611 1295 satyram
646 1227 976 1281 conscribere
996 1267 1010 1291 ‚
1040 1242 1124 1279 tot
1152 1227 1249 1280 tibi
1284 1244 1459 1280 rerum

88 1307 329 1376 Conscius,
359 1329 416 1365 ut
443 1314 637 1382 satyrae
671 1312 832 1380 poffis
861 1312 986 1366 satis
1011 1312 1113 1366 effe
1129 1315 1221 1366 vel
1249 1313 1426 1365 unus?

91 1394 253 1459 Quidni
279 1414 447 1452 autem
466 1402 491 1453 ἓ
516 1400 758 1469 nunquid
787 1417 882 1468 par
913 1399 987 1453 est
1011 1399 1226 1452 audacia
1249 1399 1412 1452 Balbo
1435 1439 1452 1464 ‚

90 1481 248 1549 Balbo,
271 1487 547 1540 Stentorea
575 1485 842 1538 Christum
871 1486 964 1557 qui
992 1503 1129 1539 voce
1163 1484 1419 1555 profeffus
1440 1523 1456 1549 ‚

89 1568 261 1623 Deinde
278 1574 413 1627 domi
431 1586 595 1626 cevet
613 1611 630 1637 ,
650 1576 935 1626 tremulum
957 1572 1198 1626 criffante
1220 1572 1455 1643 Lycinna
1478 1575 1503 1629 ἓ

92 1655 142 1706 Et
158 1670 308 1711 tamen
336 1662 473 1714 hunc
498 1660 675 1712 torvis
698 1662 865 1713 oculis
888 1698 906 1720 ,
932 1662 986 1713 &
1006 1661 1181 1714 fronte
1205 1662 1383 1712 severa
1401 1697 1418 1724 ‚

94 1742 449 1817 Flammarisque·
465 1745 652 1817 genis,
681 1762 837 1815 atque
862 1746 1118 1800 horrifico
1147 1749 1377 1812 ululatu,

96 1825 207 1880 Dum
224 1832 361 1886 docet
378 1873 393 1898 ‚
415 1837 472 1888 δι
496 1831 653 1898 ia&at
670 1835 823 1887 fatuae
848 1836 935 1887 sua
959 1837 1203 1907 dogmata
1236 1835 1397 1887 rurbae
1417 1870 1435 1898 ,

94 1913 144 1964 ln
169 1932 316 1972 mores
348 1910 579 1975 clamare
607 1922 776 1973 malos
806 1920 846 1971 fi
881 1921 1081 1975 videris
1109 1919 1242 1974 olim
1259 1960 1275 1986 ‚

99 1997 187 2052 Effe
209 2019 349 2070 putes,
371 2009 571 2076 supero
609 2004 880 2059 demifl'um
911 2023 981 2059 ex
1015 2007 1200 2060 limine
1234 2007 1478 2060 Paulum.

100 2081 143 2133 0
161 2085 172 2133 1
190 2088 301 2142 mihi
323 2091 358 2143 fi
380 2090 569 2145 effofl‘a
591 2092 744 2144 liceat
764 2093 941 2145 scrobe
965 2092 1140 2146 dicere
1159 2132 1175 2155 ‚
1200 2096 1343 2161 quod
1364 2109 1497 2145 mox

99 2169 255 2226 Efferat
275 2176 323 2228 in
343 2183 572 2250 vulgum
604 2178 748 2231 foliis
784 2174 1063 2231 vocalibu3
1091 2179 1247 2230 arbor
1266 2217 1287 2243 ,

100 2257 310 2323 Quaenam
321 2267 541 2338 ego‚vel
555 2263 733 2333 potius
749 2282 864 2334 quae
886 2281 999 2316 non
1012 2281 1116 2334 ego
1131 2263 1355 2317 crimina
1368 2261 1537 2317 dicam
1553 2298 1576 2331 ‚

101 2343 355 2405 concitus?
376 2351 557 2424 optari
580 2351 668 2404 sed
687 2351 834 2404 enim
857 2350 980 2420 quia
1004 2351 1128 2403 talia
1150 2349 1365 2418 poffunt
1384 2388 1403 2414 ,

99 2430 199 2485 Non
219 2437 360 2492 etiam
381 2437 503 2493 fieri
524 2457 541 2499 3
567 2439 733 2491 dicam
766 2437 863 2490 tibi
878 2477 893 2500 ,
915 2437 1051 2490 Rufe
1069 2474 1084 2499 ,
1106 2437 1193 2489 sed
1212 2436 1306 2488 uni

100 2513 219 2594 (Σοί
234 2522 343 2607 γὰρ
370 2520 532 2608 ῥητοί
550 2521 756 2597 λέγειν
773 2567 792 2596 ,
811 2526 850 2594 ιζ,
876 2520 1034 2599 ὅμως·
1058 2519 1290 2603 ἄῤῥητοι
1307 2519 1570 2586 licebit,*)

103 2610 210 2676 Qua
227 2620 347 2672 mihi
367 2621 481 2673 five
502 2620 648 2671 furor
663 2655 677 2680 ,
699 2617 807 2669 five
826 2618 939 2669 haec
963 2615 1270 2686 suggefl'erit
1287 2615 1383 2667 ira.

104 2695 212 2751 Nam
229 2704 335 2772 quis
355 2705 503 2760 enim
527 2703 600 2756 est
620 2704 751 2757 adeo
769 2702 976 2772 patiens
996 2702 1128 2769 (nifi
1141 2702 1281 2753 forte
1296 2700 1577 2754 Tot-annus

154 2805 178 2863 ’ἵ
200 2807 394 2880 Namque
416 2814 584 2885 referre
605 2812 906 2865 tibidicenda
922 2847 939 2875 ,
960 2812 1156 2865 tacenda
1171 2841 1188 2868 ,
1208 2807 1385 2865 licebit.
