1964 3638
413 203 1274 276 PRAEFATIO.
1477 228 1599 301 125

55 326 179 385 -bus
218 322 438 392 affidue
470 347 787 410 occupatus
814 327 1122 400 distineor,
1147 327 1220 389 ad
1247 329 1369 387 haec
1402 325 1612 387 exscri-

67 421 267 480 benda
312 465 338 495 ,
394 422 457 483 δι
524 424 583 482 in
640 423 904 484 ordinem
964 440 1252 504 utcunque
1299 421 1611 502 redigenda

70 513 238 574 sumfi
278 537 299 587 ;
340 537 470 576 nam
503 518 792 599 perpolite
831 519 897 579 δε
933 518 1131 577 limate
1165 517 1477 577 accuratius
1500 535 1614 575 ne-

52 628 179 688 .que
221 629 587 691 magnopere
632 610 842 672 libebat
866 657 884 684 ,
928 632 1117 693 neque
1147 632 1254 692 per
1295 630 1429 685 eas,
1466 629 1609 691 quas

70 699 253 759 modo
289 701 447 775 dixi,
479 706 896 783 occupationes
938 705 1163 765 licebat.
1205 703 1340 764 Feci
1368 718 1562 764 autem
1584 746 1609 776 ,

52 793 232 873 quod
260 794 588 876 locupletes
615 798 901 857 interdum
934 798 1223 878 oenopolae
1259 796 1480 872 solent,
1506 799 1608 878 qui

71 888 251 948 multa
297 889 619 970 hospitibus
655 892 773 953 vini
815 911 1024 972 genera
1067 889 1339 973 gustanda
1385 911 1608 972 propo-

72 998 248 1056 nunt,
289 982 567 1044 elesiuris-
586 983 750 1064 quod
780 984 854 1046 ad
893 984 1144 1066 palatum
1174 986 1418 1044 maxime
1457 983 1607 1044 fece-

73 1078 144 1136 rit
178 1099 196 1135 .·
228 1098 368 1138 nam
413 1079 494 1137 ita
526 1078 593 1140 &
627 1099 736 1139 nos
784 1078 964 1139 multa
1014 1080 1352 1160 poemation
1395 1097 1606 1161 genera

71 1171 518 1253 proposuimus,
556 1171 702 1238 utfi
741 1172 890 1234 forte
942 1175 1003 1232 in
1050 1173 1242 1254 aliquo
1295 1171 1604 1232 lestoribus

74 1264 394 1330 feciffemus
440 1265 572 1327 satis
597 1311 621 1339 ,
662 1269 721 1330 in
762 1287 836 1329 eo
888 1266 1051 1347 plura
1107 1286 1285 1346 porro
1337 1267 1605 1324 emittere

75 1381 472 1443 pergeremus.
507 1360 643 1428 Hoc
682 1377 876 1426 autem
912 1358 1185 1442 quicquid
1234 1377 1354 1420 erat
1386 1359 1604 1430 libelli,

73 1455 362 1514 Iuvenilia
413 1452 717 1516 inscribere
756 1454 971 1536 placuit
1000 1500 1024 1527 ,
1068 1471 1132 1514 ut
1170 1452 1213 1512 fi
1263 1453 1404 1536 quid
1452 1452 1605 1515 forte

72 1547 367 1608 interdum
401 1545 661 1609 lascivius
707 1547 919 1608 dissum
962 1546 1099 1609 esset
1119 1590 1139 1620 ‚
1163 1546 1283 1628 ipsa
1315 1570 1423 1608 nos
1451 1549 1605 1630 apud

77 1639 396 1703 severiores
434 1640 723 1712 excusaret
761 1640 1071 1723 inscriptio.
1110 1642 1202 1702 Ac
1259 1643 1423 1702 initio
1478 1643 1605 1725 qui-

78 1734 208 1796 dem
247 1737 628 1806 decreveram
664 1756 799 1797 eum
836 1738 1054 1798 nemini
1074 1736 1341 1819 cuiquam
1367 1736 1556 1796 dicare
1578 1780 1599 1811 ,

80 1847 138 1889 ut
171 1835 268 1912 qui
307 1833 451 1891 tanti
516 1828 627 1890 esse
670 1852 818 1895 nou:
848 1831 1121 1895 ducerem
1159 1853 1173 1890 ε
1214 1831 1377 1913 quod
1421 1829 1604 1892 confi-

62 1923 214 1985 ‚lium
233 1947 337 1986 cur
356 1922 557 2007 postea
582 1927 927 1987 mutaverim
952 1972 966 1995 ‚
985 1925 1285 2008 intelliges.
1305 1925 1460 1987 Cum
1482 1924 1601 2006 jam

82 2018 137 2078 in
170 2039 240 2080 eo
278 2018 625 2080 excudendo
661 2018 869 2078 librarii
905 2018 1115 2091 essent,
1141 2018 1294 2080 forte
1332 2020 1429 2080 die
1455 2040 1601 2100 quo-

85 2113 210 2174 dam
247 2114 461 2186 accidit
488 2158 509 2183 ,
537 2129 601 2176 ut
637 2133 710 2174 ex
748 2111 1062 2173 studiorum
1100 2113 1391 2174 laboribus
1417 2112 1601 2194 pejus-

88 2208 205 2267 cule
251 2228 354 2268 me
392 2204 687 2267 haberem.
728 2204 960 2269 Venere
998 2206 1070 2265 ad
1104 2227 1199 2266 me
1221 2248 1239 2278 ‚
1270 2228 1378 2287 pro
1411 2204 1604 2266 nostra

83 2298 480 2370 familiaritate,
502 2297 722 2361 Comes
749 2299 1033 2361 Alcinous
1055 2342 1074 2370 ‚
1096 2299 1146 2360 J.
1164 2299 1452 2359 Antonius
1473 2298 1603 2360 Ba‘i-

85 2391 182 2455 fius
203 2440 224 2470 ,
258 2393 585 2474 Stephanus
615 2393 871 2455 Jodellus
896 2436 915 2464 ‚
949 2408 1015 2451 ut
1067 2391 1323 2472 alloquio
1370 2390 1471 2452 suo
1536 2394 1603 2453 &

76 2506 296 2569 partem
332 2509 481 2550 meae
513 2485 791 2548 molestiae
832 2486 1182 2559 allevarent,
1226 2486 1291 2547 &
1330 2484 1602 2565 paulatim

65 2585 401 2647 eximerent
445 2581 623 2642 diem.
672 2579 760 2640 Ibi
795 2581 991 2641 multis
1019 2580 1173 2640 ultro
1204 2580 1469 2661 citroque
1507 2580 1602 2642 ha-

83 2675 205 2736 bitis
228 2675 431 2738 verbis
450 2719 470 2749 ,
489 2674 724 2734 tandem
749 2674 822 2736 de
849 2676 936 2735 his
963 2676 1134 2737 etiam
1164 2676 1327 2756 nugis
1361 2672 1599 2755 inje&us

87 2767 159 2831 est
192 2769 388 2832 sermo
428 2787 450 2843 3
488 2764 814 2850 primusque
848 2765 1065 2830 Baifius
1104 2771 1331 2850 rogavit
1366 2788 1436 2832 ex
1469 2790 1598 2844 me,

1109 2866 1149 2917 r
1193 2865 1254 2932 iij
