1964 3638
408 210 542 260 122
739 184 1600 258 PRAEFATIO.'

394 333 500 373 nes
521 309 726 374 Gallos
744 330 985 392 operam
1020 330 1240 392 ponere
1268 311 1329 369 in
1355 308 1445 369 his
1463 304 1689 368 levioris
1712 318 1855 384 operae

393 405 592 467 studiis
623 401 863 465 noluisse
888 426 903 465 ε
930 424 1137 465 eorum
1173 404 1332 464 enim
1366 404 1466 485 qui
1498 394 1571 461 ad
1603 396 1769 461 versus
1792 394 1854 455 fa·

391 498 632 562 ciendos
677 500 935 560 animum
986 497 1322 579 adjecerunt
1345 542 1366 573 ,
1416 494 1674 580 quaedam
1712 508 1850 574 prope

385 592 608 653 infinita
625 595 717 656 vis
734 591 902 653 facile
922 613 1043 653 non
1062 609 1184 653 tam
1200 591 1563 655 voluntatem
1589 589 1666 649 eis
1685 631 1701 660 ,
1722 601 1846 665 quam

387 703 670 748 eventum
715 684 950 746 defuisse
993 686 1265 746 declarat.
1311 683 1503 764 Quod
1544 682 1588 742 fi
1635 681 1689 741 id
1723 675 1847 738 nobis

383 781 601 844 Graeco
635 771 901 857 tantum',
936 796 1032 841 aut
1071 780 1278 841 Latino
1324 778 1589 854 sermone
1631 766 1847 852 contigis-

381 874 466 937 set
485 920 506 950 ‚
524 875 676 938 for‘te'
705 874 931 936 causam
965 873 1115 934 illius
1149 873 1450 955 paucitatis
1478 874 1539 931 in
1569 861 1744 930 earum
1769 864 1845 922 lin-

380 982 623 1055 guarum
654 971 1118 1053 peregrinitatem
1165 963 1409 1047 rejicere
1455 966 1650 1025 liceret
1686 983 1699 1021 ε
1737 974 1846 1017 nunc

378 1087 699 1132 verorum
732 1063 890 1125 idem
924 1064 985 1123 in
1032 1083 1107 1123 eo
1140 1061 1491 1141 contigerit,
1525 1076 1687 1140 quem
1714 1074 1741 1112 a
1767 1070 1844 1109 nu-

377 1163 612 1223 tricibus
634 1206 655 1237 ,
697 1180 811 1221 una
838 1178 971 1218 cum
1003 1155 1129 1239 ipso
1150 1201 1168 1225 ‚
1204 1171 1270 1215 ut
1299 1154 1509 1214 dicitur
1531 1197 1554 1225 ,
1576 1147 1702 1211 Ιειὲὶε
1720 1161 1838 1205 com·

376 1259 630 1319 bibimus
651 1302 671 1332 ,
706 1254 874 1315 aliam
918 1252 1160 1313 omnino
1194 1246 1419 1308 causam
1459 1240 1744 1306 necessario
1773 1254 1843 1295 co·

377 1356 564 1436 gimur
609 1348 891 1432 suspicari.
928 1343 1063 1405 Scio
1089 1389 1109 1418 ,
1137 1343 1251 1403 hoc
1287 1339 1449 1422 quod
1477 1338 1707 1400 diclurus
1723 1329 1839 1397 sum,

379 1463 737 1530 quantopere
764 1438 1179 1502 nonnullorum
1209 1436 1432 1495 animos
1469 1432 1715 1495 mordeat
1734 1446 1749 1500 ;
1770 1418 1841 1482 sed

376 1559 580 1607 tamen
603 1542 668 1601 &
690 1532 1045 1599 veriffimum
1066 1529 1148 1592 est
1162 1578 1178 1602 ,
1202 1531 1267 1592 &
1299 1527 1627 1591 mehercule
1656 1523 1751 1605 jam
1770 1535 1842 1576 110·

266 1703 304 1730 ,ἐν
382 1641 492 1698 tius
508 1682 526 1707 ,
545 1652 720 1717 quam
741 1647 805 1690 ut
829 1628 1024 1709 negari
1052 1624 1298 1705 amplius
1319 1621 1510 1705 poifit.
1544 1620 1660 1701 Qui
1682 1615 1728 1676 se
1748 1628 1844 1672 ver·

302 1730 585 1795 “maculo
620 1722 815 1787 nostro
851 1719 1118 1781 sermone
1174 1733 1379 1798 poetas
1412 1712 1691 1799 perhiberi
1718 1702 1841 1765 vole·

372 1828 515 1888 bant
535 1862 555 1897 ‚
577 1818 783 1904 perdiu
801 1837 870 1877 ea
898 1811 1168 1895 scripsere
1187 1857 1211 1884 ,
1243 1833 1371 1894 quae
1401 1809 1678 1873 deleEiare
1706 1795 1843 1863 modo

374 1917 587 1981 otiosas
620 1907 982 1975 mulierculas
1002 1951 1023 1982 ,
1048 1929 1169 1970 non
1198 1908 1373 1967 etiam
1404 1906 1742 1968 eruditorum
1767 1893 1843 1952 110·

371 2014 598 2074 minum
631 2005 814 2068 studia
853 2019 1057 2064 tenere
1094 1998 1340 2084 possent.
1369 2000 1628 2071 Primus,
1652 2010 1708 2054 ut
1736 1985 1843 2048 arbi-

370 2124 493 2168 tror
508 2140 530 2180 5
547 2102 747 2164 Petrus
767 2094 1125 2169 Ronsardus,
1146 2115 1280 2157 cum
1297 2094 1354 2155 se
1369 2088 1725 2156 eruditiffimo
1744 2081 1842 2142 viro

372 2200 579 2266 Ioanni
616 2197 845 2258 Aurato
887 2193 950 2252 in
985 2189 1335 2273 disciplinam
1379 2186 1654 2259 dedisset,
1695 2187 1840 2254 eoque

373 2298 524 2358 duce
567 2340 588 2371 ,
639 2307 912 2354 veterum
967 2282 1257 2365 utriusque
1325 2284 1534 2366 linguae
1596 2278 1841 2361 poetarum

371 2392 579 2474 scripta
597 2435 618 2465 ‚
677 2386 858 2447 multa
902 2383 974 2444 ¹&
1016 2379 1279 2462 'diligenti
1333 2377 1577 2438 leffione
1616 2358 1843 2432 triviss'et,

372 2483 758 2550 transmarinis
810 2477 920 2536 illis
959 2474 1169 2555 opibus
1219 2470 1317 2530 sua
1365 2469 1567 2551 scripta
1618 2465 1840 2524 exornare

374 2577 658 2664 aggressus
692 2572 773 2636 est
811 2593 826 2630 z
869 2565 1029 2647 cujus
1057 2563 1261 2647 postea
1299 2563 1627 2646 exemplum
1657 2541 1844 2615 insecuti

378 2673 429 2735 J.
462 2671 754 2734 Antonius
799 2661 1057 2732 Ba‘ifius‚
1098 2659 1149 2720 J.
1182 2658 1433 2718 Bella'ius
1454 2704 1473 2732 ‚
1513 2655 1702 2733 aliique
1742 2656 1845 2724 pef‘.

374 2767 576 2844 multi,
596 2762 767 2830 brevi
799 2774 1066 2841 tempore
1101 2769 1288 2819 tantos
1319 2751 1511 2816 fecere
1541 2730 1842 2835 progfess'ffia
