1964 3638
584 177 653 244 E
697 191 744 244 ι.
792 195 842 243 E
897 192 950 247 G
1001 195 1040 245 1
1087 193 1178 247 ε.
1465 186 1472 192 “
1520 196 1644 272 135

105 280 174 333 Et
196 293 401 336 tamen
417 318 434 347 ,
451 282 586 339 heu!
612 287 723 340 fine
746 303 798 340 te
822 287 956 341 mihi
978 286 1083 353 iam
1106 303 1207 341 nec
1228 283 1400 342 dulcia
1416 283 1551 342 *vina
1566 325 1586 354 ,

182 368 397 422 Tristia
417 387 515 424 nec
534 372 795 442 quicquid
816 376 974 427 corda
999 377 1177 428 levare
1200 375 1357 427 solet.

104 456 229 523 Ipsa
250 455 404 508 mihi
424 457 497 509 est
517 457 694 511 invisa
715 459 856 525 dies,
881 462 976 513 Sol
1002 460 1113 528 ipse
1134 459 1347 513 videtur

182 541 469 610 Oppofita
490 545 676 598 vultus
697 547 884 599 abdere
911 547 1051 599 nube
1078 547 1223 601 suos.

107 628 174 680 Et
195 629 441 683 merito:
468 630 597 700 quid
613 632 759 685 enim
779 632 887 685 fine
904 648 955 686 te
969 649 1079 687 non
1101 632 1243 685 triste
1258 633 1552 702 putandum
1562 630 1664 701 est,

182 718 322 783 Qua
347 716 457 770 fine
476 721 568 771 vel
590 718 703 771 vita
730 718 803 771 est
822 719 933 788 ipsa
954 719 1169 772 molesta
1196 719 1330 771 mihi
1354 718 1376 769 Ξ

113 801 168 855 Ο
194 807 207 857 2
239 805 325 855 Di
344 842 361 867 ‚
386 803 426 854 fi
448 803 674 857 miseros
696 805 919 859 vestrum
943 806 1097 859 fovet
1117 807 1256 859 ullus
1279 818 1517 858 amantes
1534 841 1554 869 ,

186 890 324 944 Vos
349 892 567 943 tandem
597 889 782 944 faciles
816 892 873 944 in
908 909 1027 945 mea
1055 892 1187 946 §tota
1216 894 1332 945 date
1358 911 1372 945 τ

113 974 356 1031 Reddite
376 994 465 1029 me
485 977 717 1031 domina
734 1017 751 1043 ,
772 979 862 1031 vel
884 978 924 1029 fi
947 978 1002 1030 id
1024 995 1117 1047 per
1137 979 1243 1032 fata
1266 991 1486 1048 negatur
1499 1012 1519 1040 ,

188 1063 382 1118 Finiat
409 1081 636 1137 angores
665 1081 775 1117 nex
800 1063 1028 1133 inopina
1054 1081 1227 1122 meos.

502 1294 1020 1395 ELE'GIA
1099 1333 1312 1395 VII.

229 1503 358 1555 'An
416 1492 480 1556 P.
536 1488 1069 1556 Cnustmum
1120 1492 1572 1554 Μευιευη.

122 1596 335 1717 Du
354 1677 408 1715 Μ
441 1677 501 1716 tu
531 1663 740 1717 conaris
769 1665 1047 1726 Parcarum
1070 1666 1356 1718 extendere
1376 1660 1495 1727 fila,

200 1750 517 1803 Semineces
548 1751 657 1803 luci
691 1752 1018 1823 restituisque
1046 1753 1227 1814 viros,

127 1837 488 1890 Conclamata
517 1854 717 1891 novam
752 1839 970 1892 mittens
1005 1840 1062 1892 in
1095 1854 1320 1908 corpora
1352 1837 1518 1890 vitam
1538 1871 1557 1902 ,

205 1924 396 1992 Atque
434 1925 700 1977 Charonta
731 1925 841 1978 levi
878 1942 1088 1978 currere
1111 1942 1246 1978 nave
1276 1925 1502 1991 jubens:

135 2006 358 2062 Interea
389 1998 498 2079 quo
523 2027 643 2074 me,
667 2009 869 2064 Cruseli
902 2011 1088 2077 docte,
1114 2027 1325 2080 putares

209 2099 510 2150 Ducendos
536 2097 643 2150 fine
665 2112 718 2150 te
752 2098 932 2151 fallere
968 2115 1119 2151 more
1150 2097 1303 2152 dies?

138 2183 396 2250 Scilicet,
418 2198 476 2235 ut
497 2184 702 2252 semper
719 2220 733 2245 ,
754 2182 962 2236 nostros
980 2183 1238 2253 agitamus
1258 2198 1465 2237 amores
1483 2215 1504 2249 ,

218 2273 363 2339 Qua
384 2272 512 2324 vitae
535 2270 688 2323 nobis
710 2270 822 2324 sola
843 2271 1057 2331 terenda
1075 2269 1165 2322 via
1184 2268 1292 2330 est3

138 2358 213 2412 Et
234 2360 404 2412 modo
426 2359 733 2411 damnamus
747 2396 766 2422 ‚
782 2356 948 2411 toties
971 2372 1129 2424 quem
1150 2356 1428 2420 senfimus‚
1460 2369 1637 2408 arcum
1652 2391 1675 2423 ‚

217 2446 381 2499 Nunc
403 2446 467 2498 de
489 2444 685 2498 crudeli
706 2440 1086 2513 conquerimur
1107 2439 1322 2494 domina
1346 2459 1366 2502 ·‚

136 2526 311 2589 Nunc
328 2572 344 2597 ,
364 2532 467 2603 qua
486 2532 681 2601 placari
702 2530 858 2600 poffit
881 2528 1088 2583 rarione
1106 2566 1124 2592 ‚
1144 2544 1423 2599 rogamus:

224 2618 433 2671 Omnia
463 2635 582 2687 quae
611 2616 795 2688 quivis
816 2614 985 2669 εειᾶυε
1004 2632 1183 2668 amore
1205 2616 1360 2673 soler.

148 2704 289 2761 Hac
316 2721 437 2757 mea
458 2707 572 2756 laus
591 2741 609 2766 ,
630 2704 744 2756 haec
765 2702 866 2755 fint
883 2701 1037 2754 famae
1060 2700 1326 2771 praeconia
1342 2699 1565 2761 nostraez

225 2791 358 2845 Non
377 2789 487 2852 ahio
513 2792 579 2846 ad
597 2804 779 2847 manes
806 2786 1028 2868 nomine
1052 2802 1212 2844 notus
1232 2802 1371 2848 eam·
