1964 3638
345 180 387 249 8
774 186 964 255 ΤΗ.
1065 190 1432 259 BEZAE

338 290 579 344 Membra
594 293 753 347 trahit
768 297 1004 349 confesta
1021 299 1183 351 senex
1204 316 1221 360 ς
1246 299 1397 352 fimul
1416 295 1650 368 undique
1670 313 1871 370 magna

344 374 696 430 Circunstabat
715 381 900 435 herum
929 383 1204 436 servorum
1230 387 1413 449 turba,
1443 385 1658 454 periclis

337 462 453 514 Nec
479 464 705 518 nimium
732 466 1010 536 stupefacta
1041 471 1182 534 suis,
1212 487 1311 523 nec
1340 486 1582 538 tempore
1610 472 1749 525 duro

338 547 640 603 Pollicitam
668 553 889 606 fractura
916 553 1076 607 fidem
1108 575 1121 609 ε
1154 573 1278 625 pars,
1296 570 1511 625 apparat
1544 558 1695 610 enses
1718 595 1740 622 ,

338 629 463 685 Pars
496 636 719 695 domino
743 639 917 693 affistit
941 679 957 705 ,
1000 658 1236 711 caecaque
1264 644 1481 713 ambage
1510 643 1724 696 viarum

337 720 559 774 Lecticae
590 724 898 793 impofitum
925 729 1121 781 ducunt
1145 766 1162 787 ,
1193 729 1233 781 fi
1261 729 1438 781 fallere
1470 730 1642 782 saevos

338 806 545 862 Antoni
573 811 767 880 poffint
797 814 1000 883 gladios
1021 855 1037 880 ,
1074 819 1344 887 turbaeque
1376 817 1645 887 sequentis

339 895 558 950 Evitare
582 897 770 952 minas.
812 901 898 954 Sic
928 902 1036 956 ibat
1072 902 1281 956 Tullius
1312 904 1402 956 ille
1423 942 1440 969 ‚

339 983 551 1037 Tullius
584 985 674 1039 ille
702 1002 843 1057 togae
878 988 1156 1057 princeps,
1185 989 1474 1059 magnique
1492 991 1714 1045 Senatus
1735 1008 1759 1052 ⁸,

340 1069 484 1120 Cum
513 1075 697 1138 procul
726 1075 1007 1126 adventare
1042 1074 1194 1128 viros
1217 1113 1232 1139 ‚
1267 1074 1588 1145 inimicaque
1616 1077 1763 1148 figna
1801 1148 1808 1153 ἢ

340 1151 653 1223 Conspicit,
670 1155 916 1210 &strffio
945 1174 1174 1212 mortem
1202 1163 1389 1229 procul
1417 1162 1539 1214 ense
1569 1162 1868 1218 minantem

338 1237 654 1309 Poppilium
670 1264 695 1307 ,¹
709 1241 857 1309 cujus
882 1247 1147 1311 quondam
1166 1247 1476 1300 servaverat
1487 1248 1600 1316 ipse

314 1325 604 1380 ”Fortunas
633 1328 906 1398 vitamque
933 1331 1013 1383 tei
1037 1370 1052 1396 ‚
1084 1349 1205 1385 cum
1234 1333 1402 1385 libera
1426 1333 1599 1387 Roma

341 1408 500 1462 Olim
530 1411 681 1464 illum
705 1415 908 1468 audiret
929 1453 944 1479 ,
979 1417 1360 1486 mirareturque
1390 1431 1687 1474 tonantem.

341 1494 371 1548 J
377 1511 463 1547 am
479 1514 695 1567 quoque
709 1500 878 1554 saevus
893 1501 1050 1566 adest,
1068 1502 1121 1554 &
1133 1502 1308 1570 poscit
1326 1503 1625 1557 Herennius
1639 1505 1866 1563 hostem.

341 1580 492 1646 Quid
508 1583 664 1636 faciat
686 1587 708 1638 ἓ
729 1601 857 1637 num
876 1588 1016 1639 forte
1038 1605 1226 1641 manus
1246 1591 1526 1656 protendat
1547 1590 1781 1646 inermes
1795 1629 1816 1654 ,

340 1668 452 1718 Aut
472 1669 710 1720 mercede
731 1684 875 1737 petat
890 1671 1106 1723 veniam
1130 1675 1152 1725 ἒ
1176 1690 1303 1726 num
1324 1674 1535 1730 flessere
1558 1679 1740 1733 verbis

341 1750 561 1802 Defenfi
589 1754 856 1821 quondam
889 1770 1113 1809 conetur
1142 1759 1328 1812 militis
1357 1759 1505 1816 itas.²

343 1836 476 1888 Haec
502 1851 626 1891 aetas
660 1840 934 1910 virtusque
968 1857 1156 1896 vetant
1174 1882 1190 1908 ,
1223 1846 1277 1898 δι
1312 1847 1527 1915 petitore
1562 1848 1621 1902 in
1648 1852 1761 1905 alto

341 1921 506 1974 Fixus
536 1940 687 1977 amor
716 1926 928 1993 patriae,
950 1927 1240 1997 Romaeque
1258 1933 1492 1985 cadentis
1522 1933 1740 2006 imago.-

335 2008 555 2063 .Vertite
571 2047 587 2071 ,
613 2010 686 2062 ait
708 2049 724 2073 ‚
749 2027 929 2065 currus
951 2031 969 2073 ·,
992 2014 1165 2082 plenis
1188 2032 1423 2070 curratur
1443 2019 1661 2073 habenis

343 2095 668 2149 Immeritam
692 2095 750 2149 in
771 2110 999 2151 mortem
1022 2118 1037 2153 ε
1064 2118 1153 2155 me
1174 2103 1377 2170 pridem
1401 2104 1595 2159 nuncia
1618 2108 1810 2164 Phoebi

343 2180 525 2235 Poscit
547 2180 662 2235 avis
683 2220 697 2245 ,
722 2184 969 2252 coeloque
992 2201 1196 2239 novum
1217 2187 1540 2260 conjungere
1560 2192 1740 2248 civem

340 2265 558 2333 Jupiter
584 2281 824 2334 exoptat.
854 2268 1004 2322 Bruti
1040 2272 1292 2339 Cassique
1322 2274 1487 2327 beatae

343 2350 541 2404 'Vivite
569 2367 674 2404 vos
712 2351 900 2410 animae
929 2372 945 2407 z
977 2357 1122 2424 quod
1155 2356 1194 2409 fi
1224 2373 1336 2410 non
1368 2361 1553 2413 omnia
1584 2363 1742 2418 nobis

343 2442 475 2495 Fata
500 2452 728 2503 nocent,
754 2439 932 2492 forsan
959 2457 1057 2497 nec
1083 2459 1184 2495 nos
1213 2444 1505 2498 moriemur
1538 2446 1723 2506 inulti.

343 2527 467 2582 Jam
490 2526 611 2579 vixi
636 2524 770 2578 mihi
791 2562 809 2589 ,
826 2526 999 2577 Roma
1018 2563 1037 2586 ,
1059 2526 1181 2580 satis
1204 2547 1223 2589 3
1248 2546 1335 2583 me
1361 2530 1472 2584 vita
1494 2534 1672 2588 vereri

348 2614 484 2667 Acta
507 2627 654 2666 vetat
678 2612 842 2681 nigrae
864 2614 1115 2667 damnosa
1139 2614 1340 2669 oblivia
1368 2615 1579 2670 mortis.

344 2699 606 2753 Occidite
629 2718 644 2752 ε
667 2713 719 2750 at
742 2698 961 2753 noscent
986 2700 1202 2752 venturi
1224 2700 1409 2753 cuneta
1428 2718 1654 2771 nepotes
1672 2742 1690 2769 ,

344 2786 727 2858 'AEternamque
749 2784 941 2841 dabunt
962 2784 1217 2842 morienti
1233 2787 1346 2844 haec
1364 2788 1548 2847 funera
1564 2789 1761 2855 vitam.
1841 2802 1848 2846 .·
