1964 3638
415 180 481 251 B
528 188 595 254 Ε
647 189 723 255 Ν
762 193 832 259 Ε
885 198 961 261 V
998 198 1059 265 Ο
1111 200 1167 267 L
1222 199 1312 269 0.
1558 197 1627 292 ii}

118 294 281 370 Beza
317 318 458 376 tunc
498 308 857 384 admodum
911 318 1060 389 sene
1114 320 1376 394 forsitan
1428 348 1628 395 recoa

121 423 278 512 gnita
299 473 323 513 ,
358 447 583 524 utpote
624 457 769 527 quae
797 489 819 525 ‚
860 464 1011 510 cum
1036 446 1628 517 vario-carminum

120 562 351 636 genere*
373 544 767 648 locupletata
793 558 865 630 fit
886 612 909 650 ,
951 589 1104 658 quae
1124 566 1350 640 desunt
1379 570 1448 640 in
1479 570 1626 641 edi-

118 670 378 744 tionibus
408 679 828 753 anterioribus
851 735 873 772 ,
902 687 1187 778 pluribus
1222 692 1480 763 interim·
1499 718 1622 765 ca-

118 812 242 861 reat
262 797 467 869 minus
507 800 721 892 caffi5‚
761 833 904 901 quae
928 811 995 879 in
1033 814 1154 883 inis
1178 818 1623 911 reperiuntur:

117 912 277 985 unde
295 921 644 1008 conjefiari
668 927 859 1018 licet,
888 934 1126 1029 abipso
1151 937 1450 1028 auctore,
1487 940 1623 1035 jam

115 1054 240 1108 tum
260 1046 531 1136 capulari
556 1049 742 1141 sene,
766 1052 1187 1147 posteriorem
1215 1063 1383 1134 hanc
1412 1063 1626 1135 forsan

115 1161 282 1234 fuiffe
309 1167 688 1265 castigatam.

222 1288 314 1359 Ut
355 1311 424 1361 ut
460 1292 584 1384 fit,
633 1298 882 1391 priores
930 1301 1056 1373 111ae
1105 1304 1423 1379 editiones
1473 1335 1623 1381 cum

117 1408 240 1503 jam
305 1416 565 1487 rariores
632 1421 1024 1523 evaserirrt=5
1092 1430 1445 1524 omnesque
1502 1434 1625 1505 fint

118 1534 314 1602 minus
386 1539 717 1635 eleganter
777 1545 1133 1640 expressae,
1195 1557 1622 1630 recentiorem

115 1656 271 1725 hanc
337 1659 623 1739 nostram
687 1667 1066 1742 exhibemus
1129 1675 1244 1745 tibi
1294 1728 1317 1763 ‚
1379 1679 1621 1752 Lector

112 1776 467 1872 benevole,
523 1786 745 1859 charta
791 1790 1112 1889 puriffima
1175 1798 1467 1895 typisque
1518 1804 1624 1872 ni-

113 1901 433 1976 tidioribus
470 1911 812 2016 excusam,
849 1913 922 1986 ὅ(
967 1917 1050 1988 ad
1099 1923 1490 1995 anteriorem
1537 1927 1621 1997 il-

108 2024 231 2093 lam
292 2030 611 2125 praecipue
635 2085 659 2122 ,
730 2062 874 2131 quae
950 2043 1204 2114 calvam
1264 2049 1620 2122 humanam

109 2146 171 2216 in
214 2148 428 2221 fronte
477 2180 606 2248 prae
649 2156 712 2227 se
758 2156 923 2249 fert,
970 2164 1218 2236 summa
1249 2167 1379 2239 fide
1422 2189 1618 2267 atque

110 2267 426 2365 diligentia
466 2277 840 2350 recensitam
888 2306 906 2364 ς
955 2310 1153 2377 quam
1190 2306 1412 2358 tamen
1456 2316 1624 2384 ope-

113 2418 194 2464 rae
233 2398 503 2488 pretium
551 2398 849 2475 duximus
897 2428 1253 2502 expurgare
1307 2409 1559 2482 mendis
1595 2463 1622 2500 ,

121 2513 189 2584 ὅ(
207 2520 386 2589 novis
411 2523 607 2591 etiam
631 2528 1043 2617 poematibus
1064 2532 1346 2629 aliquot,
1380 2558 1459 2603 ex
1488 2537 1622 2609 edi-

115 2638 278 2710 tione
305 2645 509 2745 tertia·
527 2644 910 2742 desumptiS,
937 2651 1259 2750 adaugere
1297 2681 1315 2727 ε
1351 2683 1437 2729 ne
1461 2663 1618 2756 quid

117 2782 330 2835 eorum
369 2767 438 2837 in
483 2769 609 2840 hac
656 2768 868 2843 nostra
908 2772 1369 2851 desideraretur
1397 2834 1421 2873 ,
1469 2811 1616 2882 quae

1203 2891 1251 2944 A
1287 2891 1326 2963 ij
