1964 3638
364 197 465 278 ,μ’
793 188 860 258 Τ
902 210 991 261 Η.
1091 189 1164 259 Β
1216 210 1273 262 ε
1327 209 1410 278 2,
1442 196 1518 262 AE

439 302 586 355 Inter
600 299 838 355 funestos
858 302 932 355 est
951 305 1293 357 numeranda
1317 303 1464 359 dies.

342 388 496 446 [Non
515 389 649 442 adeo
670 387 863 441 infelix
879 427 898 454 ‚
920 407 1038 459 quae
1059 389 1304 462 infames
1332 386 1601 461 sanguine
1624 385 1834 443 Cannas

442 475 564 527 Lux
594 473 744 527 videt
766 512 782 539 ‚
814 475 868 528 δε
897 474 1053 530 Latio
1084 475 1265 529 tristia
1300 475 1505 530 cunsta
1535 476 1687 531 foro.

366 558 590 615 Nullum
619 559 782 631 igitur
814 577 1008 614 munus
1036 578 1182 614 nunc
1218 559 1540 630 expeeretis
1562 599 1580 624 ‚
1611 558 1807 615 amici:

413 678 417 685 1
445 645 673 698 Munera
702 646 1035 716 temporibus
1068 647 1193 700 sunt
1225 647 1424 700 minus
1457 661 1589 716 apta
1622 644 1795 700 malis·

365 732 468 792 Fas
498 731 633 784 mihi
657 730 720 785 fit
741 732 953 786 Patrnm
974 733 1182 802 priscos
1211 748 1584 788 contemnere
1616 732 1788 792 ritus3

442 820 540 873 Fas
564 817 704 883 mihi
732 821 1012 874 consuetas
1045 820 1270 875 mittere
1305 819 1432 888 iure
1470 835 1686 888 preces.

369 904 592 960 cernite
625 922 765 960 nunc
790 906 924 959 tristi
952 909 1197 975 plorerur
1227 921 1295 961 ut
1325 905 1582 976 undique
1613 903 1788 967 coelofi

447 991 728 1061 Mersaque
749 991 969 1046 demiffo
991 1009 1129 1046 terra
1149 993 1247 1047 sub
1270 992 1456 1047 imbre
1476 1005 1649 1048 natet.

372 1075 509 1131 Ecce
538 1078 725 1132 Venus
751 1080 905 1146 pullo
933 1077 1123 1132 vestita
1156 1079 1371 1132 incedit
1399 1080 1610 1133 amietu
1630 1114 1646 1142 ,

447 1163 858 1233 Dilaceransque
893 1181 1054 1236 genas
1079 1204 1097 1229 ‚
1134 1164 1552 1235 dilaceransque
1592 1175 1788 1217 comas.

267 1276 274 1283 ·
374 1249 444 1304 Et
480 1251 737 1319 pharetra
765 1250 963 1304 oblitus
984 1290 1002 1315 ,
1038 1251 1298 1321 lustuque
1326 1250 1627 1307 immersus
1650 1245 1855 1308 acerbos

448 1338 680 1392 Nasonis
711 1352 888 1392 cantat
921 1337 1155 1392 carmina
1196 1339 1431 1394 moestus
1476 1337 1673 1390 Amor.

372 1423 496 1494 Ipse
518 1425 633 1497 suas
652 1425 815 1480 Janus
843 1426 1159 1493 damnatque
1176 1462 1195 1489 ‚
1213 1426 1458 1496 oditque
1480 1422 1778 1484 Calenam

449 1511 519 1565 Er
548 1512 638 1564 sua
675 1513 741 1565 de
773 1510 912 1565 fastis
941 1513 1136 1565 tollere
1166 1510 1297 1565 festa
1331 1527 1515 1581 parat.

375 1599 496 1654 net
518 1613 733 1666 quoque
756 1599 1036 1663 Neptunus
1054 1636 1069 1660 ,
1092 1597 1187 1651 flet
1208 1598 1501 1653 raucisona
1529 1587 1869 1665 Amphitrite}

454 1681 521 1732 Et
549 1679 724 1747 patrio
746 1683 922 1747 plorat
951 1681 1160 1751 gurgite
1180 1685 1370 1737 ‘mersa
1401 1684 1616 1738 Thetis.

319 1817 325 1823 ,
378 1762 613 1836 Pelignae
634 1766 920 1838 lachrymis
943 1766 1171 1842 implent
1192 1786 1314 1823 rura
1332 1770 1528 1830 omnia
1547 1764 1802 1840 Nympbae
1815 1795 1833 1826 ο

455 1853 529 1914 ΕῑἼ
542 1856 790 1921 querulus
814 1854 998 1908 Patavi
1017 1870 1254 1923 permeat
1275 1873 1412 1911 arva
1429 1857 1625 1911 Padus.

379 1938 538 1992 Tune
560 1937 724 2008 igitur
739 1941 1038 2010 lachrymas
1060 1940 1310 1995 retinebis
1327 1982 1342 2006 ,
1364 1944 1547 1998 Roma
1561 1977 1589 2004 ,
1622 1936 1872 1992 cadem·

457 2025 571 2075 Nec
600 2026 802 2091 poteris
834 2026 962 2080 coeli
998 2026 1260 2095 questibus
1297 2027 1407 2081 effe
1444 2021 1675 2081 comes?

381 2107 495 2168 Hei
517 2108 691 2173 mihi,
716 2111 844 2179 quid
866 2126 917 2163 te
944 2111 1108 2176 olim,
1134 2113 1352 2165 demens
1382 2111 1616 2184 Auguste
1633 2148 1652 2177 ‚
1670 2098 1833 2175 εοὸεἷί

460 2195 690 2249 Nasonis
721 2197 925 2251 sacrum
955 2197 1025 2249 fic
1052 2196 1258 2251 violare
1288 2214 1453 2267 caput
1474 2200 1500 2253 ἓ

355 2272 560 2338 “Julius
592 2283 700 2335 hoc
731 2282 866 2336 olim
896 2298 1015 2335 non
1045 2281 1171 2336 fecit
1199 2288 1501 2340 avunculus
1519 2324 1538 2351 ‚
1573 2282 1667 2338 ine

463 2366 577 2436 Qui
601 2367 744 2424 dedit
773 2368 940 2424 Italia}
974 2370 1181 2439 sceptra
1209 2370 1434 2428 secunda
1468 2370 1593 2425 tibi.

388 2454 457 2509 Et
483 2470 536 2508 te
567 2454 675 2522 jam
704 2457 900 2510 merito
933 2460 1253 2512 clementem
1278 2457 1456 2512 dicere
1490 2453 1798 2527 quisquam}

459 2541 817 2614 'Ingeniumve
848 2542 1021 2611 potest
1052 2542 1226 2597 dicere
1258 2542 1390 2610 mire
1425 2544 1525 2600 tibi
1547 2544 1573 2597 ἓ

390 2626 532 2696 Quae
570 2644 842 2700 nunquam
867 2628 1084 2699 Augusti
1113 2628 1294 2698 potuit
1319 2631 1487 2685 lenire
1516 2630 1782 2692 furorem,

469 2713 641 2767 Scivit
668 2715 984 2769 inhumanos
1013 2713 1226 2769 flectere
1257 2718 1403 2772 musa
1436 2711 1623 2770 Geras.

394 2793 641 2871 Namque
669 2800 968 2858 Tomitanis
1000 2804 1125 2858 exul
1154 2804 1363 2877 lugetur
1390 2803 1449 2861 in
1478 2800 1589 2858 oris
1603 2836 1629 2875 2
