1964 3638
262 175 412 268 ‘276
605 174 674 250 J.
772 183 1456 252 Sacvnnt

342 288 482 341 Cum
500 285 719 356 fuerim,
746 291 799 344 δι
820 291 1052 345 dominae
1074 308 1235 364 regna
1258 291 1481 360 superba
1507 270 1750 345 novaess
1810 352 1817 357 ,

263 376 456 446 Quum
486 375 618 430 mihi
644 377 845 432 crudeli
872 379 1072 433 faceret
1101 377 1326 432 ludibria
1349 378 1524 431 vultu

349 461 613 516 Insultans
638 462 801 532 capiti
828 458 991 519 torva
1020 466 1207 518 Neaera
1235 479 1386 516 meo:
1413 494 1416 497 ι

271 550 434 607 Certe
454 568 557 622 ego
578 551 619 604 fi
646 552 803 621 paeto
825 552 1026 620 juratus
1044 542 1173 606 stare
1194 551 1428 606 recusem
1459 557 1482 616 ,'

348 640 502 691 Unde
528 651 711 706 petam
739 639 987 704 veniam,
1019 642 1112 693 vel
1139 653 1230 691 tua
1262 651 1432 690 mater
1462 635 1617 693 erit:

271 725 367 778 Illa
392 723 489 784 sua
514 723 684 777 fixum
711 727 993 780 conservat
1023 725 1081 777 in
1110 726 1297 777 arbore
1326 716 1557 776 carmen
1590 761 1614 786 ,

352 813 543 864 Annua
571 812 776 865 devovi
812 828 921 881 quo
950 811 1050 864 tibi
1075 812 1215 864 sacra
1244 826 1406 879 puer:

274 899 425 950 Dum
459 896 595 951 mihi
626 897 922 950 mansuetas
949 895 1151 949 afflat-es
1184 894 1376 948 leniter
1411 900 1613 946 auras-0⁴

352 983 535 1037 Durus
561 985 681 1036 ades
701 1021 717 1047 ,
746 985 880 1036 duro
907 980 1095 1052 frigeat
1119 998 1206 1034 ara
1231 982 1354 1036 deo.
1380 984 1383 987 ’

285 1070 369 1122 An
385 1107 402 1134 ,
430 1085 549 1123 mea
567 1070 608 1123 fi
630 1070 851 1140 Libycas
877 1068 1034 1122 navis
1067 1067 1317 1120 ditaverit
1348 1067 1514 1118 undas
1536 1074 1569 1128 ὅ

357 1160 531 1211 Aurea
558 1156 760 1211 Laedeis
797 1157 934 1209 dona
956 1157 1122 1210 feram
1154 1153 1332 1222 pueris
1354 1150 1389 1203 ξ’
1436 1156 1441 1163 ’

287 1245 396 1299 Aut
413 1281 433 1303 ,
452 1260 554 1315 ego
576 1243 618 1297 fi
637 1241 835 1296 moriar
859 1239 1168 1312 longinquis
1193 1241 1320 1293 exul
1347 1235 1404 1290 in
1440 1234 1564 1288 oris
1587 1244 1615 1299 ,'

359 1328 871 1383 Decernam‘reduci
895 1328 1037 1380 sacra
1070 1317 1322 1395 opulenta
1355 1321 1488 1377 Jovi
1511 1320 1542 1370 .>

285 1417 495 1470 Abnuat
518 1417 624 1469 hoc
647 1415 843 1478 haeres,
872 1415 955 1477 δε,
985 1412 1021 1465 fi
1052 1414 1142 1466 sub
1177 1411 1350 1478 judice
1376 1420 1590 1471 certer,

362 1500 615 1572 Turpiter
640 1518 672 1555 a
710 1501 860 1554 causa
890 1498 1100 1568 Jupiter
1124 1497 1237 1568 ipse
1275 1497 1438 1550 cadet.

289 1589 524 1643 Ultrices
549 1588 712 1660 igitur
740 1590 899 1640 taedas
934 1594 1254 1647 metuemus,
1287 1585 1340 1637 &
1372 1599 1549 1635 arcum
1579 1620 1603 1647 ,

367 1674 491 1727 Plus
525 1673 682 1742 quam
712 1667 1186 1725 fulmineifervida
1212 1672 1316 1723 tela
1342 1668 1501 1737 patris
1518 1671 1544 1720 ,²

290 1757 497 1827 Jupiter
523 1757 795 1828 ignoscas,
828 1757 1022 1810 cedunt
1044 1770 1134 1810 tua
1156 1757 1356 1826 sceptra
1389 1753 1578 1823 nepoti
1604 1794 1630 1819 ,

365 1846 431 1897 Et
457 1842 687 1897 trifidum
712 1844 865 1914 pueri
894 1844 988 1897 sub
1020 1846 1132 1898 face
1160 1845 1364 1897 fulmen
1389 1845 1564 1895 habet.

292 1929 442 1983 Illius
477 1929 687 1982 aeternis
718 1930 967 1982 halab'unt
995 1932 1194 1999 templa
1235 1929 1482 1992 corolIiS‚

366 2014 596 2068 Undabit
629 2017 887 2084 pecudum
911 2016 1173 2086 sanguine
1199 2017 1394 2088 pingue
1426 2007 1603 2069 solum
1631 2034 1656 2077 ς

294 2101 523 2155 Mascula
549 2102 804 2156 sudabunt
821 2097 1084 2156 'verbenae
1109 2104 1261 2156 thura
1296 2102 1504 2172 perustae
1524 2142 1539 2167 ,

363 2190 436 2242 Er
460 2189 613 2243 focus
649 2188 707 2243 in
741 2190 878 2243 vivo
903 2189 1099 2258 cespite
1127 2190 1334 2258 semper
1367 2190 1482 2243 erit.

296 2278 414 2350 Ipse
439 2294 542 2346 ego
561 2315 579 2342 ,
600 2277 738 2329 nude
759 2291 889 2346 puer
904 2315 926 2341 ,
944 2269 1147 2346 signum
1170 2275 1268 2327 tibi
1291 2276 1469 2330 nobile
1489 2291 1702 2346 ponam
1717 2285 1745 2342 ,'
1799 2278 1807 2286 '

372 2364 545 2429 Quale
570 2361 767 2415 Cnidus
791 2362 949 2416 matri
974 2363 1147 2415 servat
1169 2363 1366 2431 aquosa
1390 2378 1511 2417 tuae.

298 2453 503 2504 Aureus
523 2448 581 2501 in
603 2447 761 2502 nivea
781 2449 928 2501 ludet
947 2447 1154 2501 cervice
1178 2446 1397 2517 capillus
1415 2487 1433 2512 .

269 2587 273 2592 .
375 2535 547 2589 Aurea
570 2550 694 2587 cum
720 2534 866 2587 fulva
895 2523 1006 2587 ⁴tela
1028 2534 1166 2587 ¹dabo
1189 2534 1451 2603 pharetra.

300 2620 480 2674 Penna
497 2623 693 2690 duplex
711 2618 947 2672 humeris
978 2635 1110 2673 auro
1133 2620 1352 2673 radiabit
1373 2660 1391 2686 ,
1412 2624 1464 2675 &
1485 2638 1641 2676 arcus

370 2708 469 2759 Ille
491 2724 690 2763 nocens
710 2706 951 2761 tParium
973 2715 1146 2759 cetera
1170 2723 1401 2759 marmor
1419 2724 1590 2762 erunt.

304 2793 553 2850 Proxima
586 2808 843 2866 ponetur,
866 2809 967 2848 nec
994 2791 1095 2847 erit
1119 2792 1219 2845 tibi
1233 2830 1248 2859 ,
1268 2792 1443 2861 sancte
1464 2834 1477 2860 ,
1504 2795 1707 2864 pudori
1728 2805 1750 2866 ,'
