1964 3638
562 153 635 218 E
683 168 731 218 ι
779 170 832 219 13
884 166 937 221 G
990 168 1026 220 t
1074 168 1163 219 Α.
1496 163 1618 235 133

92 252 237 307 Tam
269 251 407 309 mihi
433 259 658 314 confixit
684 261 860 328 jaculo
895 260 1186 331 praecordia
1215 267 1362 311 certo

169 344 378 397 Idalius
400 364 561 401 cornu
591 365 752 402 notus
784 352 836 402 &
862 350 984 420 igne
1012 364 1159 418 puer.

97 429 233 482 Haec
258 449 473 501 quoque
494 435 726 488 nascenti
755 437 1058 489 cecinerunt
1084 436 1191 489 fata
1213 433 1422 485 sorores
1436 467 1457 497 ,

173 518 340 582 Quas
361 521 482 572 Nox
508 522 733 590 antiquo
756 522 956 575 sustulit
985 538 1055 574 ex
1075 521 1264 572 Erebo.

99 600 169 654 At
191 602 350 655 Paris
373 606 630 660 (Inonem
654 608 898 677 quamvis
922 610 1162 661 ardenter
1182 611 1414 670 amarer,'

173 687 436 744 Sustinuit
464 694 575 745 visa
595 695 835 764 linquere
861 696 1181 765 Tyndaride.

101 772 342 827 Dixerat
366 778 418 829 &
439 780 670 833 Theseus
686 820 702 847 ,
723 798 826 851 ego
849 796 901 835 te
925 781 1108 834 Minoi
1133 780 1427 850 relinquam
1449 775 1473 829 ἒ

180 860 237 912 O
269 866 283 915 Ξ
310 879 371 914 ea
399 863 458 916 fit
475 868 624 919 letho
648 867 844 921 tardior
865 869 995 921 hora
1016 884 1158 921 meo.

88 941 220 998 ’vix
241 948 384 1002 bene
407 951 587 1005 vestus
608 968 722 1007 erat
744 956 987 1023 spumosa
1010 956 1072 1006 ad
1091 954 1274 1006 littora
1294 950 1452 1016 Dian·

180 1035 253 1088 In
276 1035 446 1090 viduo
469 1038 669 1105 coniux
699 1042 809 1094 sola
837 1040 1016 1094 velia-‚a
1043 1055 1167 1092 toro
1199 1038 1290 1091 est.

107 1119 390 1192 Submergi
407 1163 422 1187 ,
442 1126 566 1178 dum
589 1143 686 1194 per
704 1127 973 1195 Neptunia
994 1142 1141 1196 prata
1163 1138 1417 1196 vagatur,

183 1206 402 1279 Dignus
427 1212 479 1263 &
510 1211 601 1264 iste
627 1213 758 1277 fuit,
785 1214 974 1283 dignus
1001 1214 1054 1265 &
1087 1214 1176 1265 ille
1209 1212 1339 1274 fuit,

114 1295 226 1361 Qui
257 1312 482 1365 potuere
509 1299 632 1352 suos
663 1299 770 1352 alio
808 1300 1088 1353 transferre
1117 1301 1350 1362 calores,

188 1382 257 1433 Et
284 1381 428 1436 vitas
455 1384 569 1437 vita
602 1386 873 1439 deseruere
901 1386 1069 1455 prius.

116 1467 246 1521 Tale
267 1485 372 1541 ego
394 1470 432 1522 fi
455 1471 643 1526 faciam
664 1472 868 1525 facinus
884 1511 900 1537 ‚
923 1472 1058 1526 mihi
1080 1487 1217 1526 terra
1236 1469 1492 1529 dehiscat.

186 1559 255 1611 Et
285 1558 460 1626 rapiar
484 1559 674 1611 Siculae
711 1559 872 1613 vivus
899 1560 957 1612 in
989 1574 1136 1612 antra
1170 1562 1341 1613 Deae:

117 1644 233 1697 Illic
269 1657 360 1696 me
392 1645 625 1715 Tragicae
660 1646 871 1699 vexetis
897 1647 1189 1717 Erinnyes‚
1218 1646 1333 1699 illic

192 1730 399 1783 Omnia
421 1732 730 1785 cundici-um
750 1734 892 1786 solus
911 1735 1090 1787 acerba
1110 1735 1293 1786 feram.

124 1815 224 1879 Sed
236 1835 416 1886 neque
434 1834 540 1871 tam
559 1819 745 1874 dubius
760 1861 775 1886 ,
796 1838 966 1891 neque
984 1822 1096 1874 sum
1112 1838 1218 1875 tam
1235 1819 1387 1875 fistus
1407 1834 1643 1882 amaron

194 1906 327 1960 Una
348 1904 456 1957 dies
480 1905 650 1981 vitam
677 1907 825 1960 finiet
843 1946 859 1971 ‚
893 1925 996 1961 una
1021 1907 1201 1962 fidem.

116 1990 565 2062 'Quandocunque
588 1992 750 2062 igitur
774 1994 950 2047 fatalia
971 2009 1213 2064 tempora
1237 1996 1447 2049 mensus

195 2083 283 2153 Ad
304 2098 499 2135 vacuas
520 2080 654 2133 lucis
677 2097 836 2151 cogar
857 2083 998 2134 adire
1019 2084 1208 2135 domos
1224 2119 1246 2142 ,

130 2168 390 2239 Margaris
414 2168 524 2237 ipsa
543 2166 678 2220 mihi
699 2169 979 2220 natitantes
1002 2170 1207 2220 claudat
1228 2170 1429 2223 ocellos
1446 2205 1464 2232 ‚

195 2255 495 2322 Vitamque
519 2271 612 2307 ore
635 2254 730 2306 suo
752 2267 927 2322 carpat
952 2254 1016 2305 ab
1039 2271 1132 2306 ore
1152 2270 1282 2307 meo
1296 2288 1313 2307 .

131 2339 252 2395 Post
269 2379 286 2404 ‚
303 2339 463 2393 effusa
482 2357 658 2393 comas
678 2377 694 2402 ,
711 2339 947 2392 nostrum
965 2338 1089 2391 fleat
1106 2353 1228 2391 ante
1250 2340 1617 2407 sepulchrum}

198 2428 355 2483 Serta
377 2426 551 2479 ferens
573 2425 822 2496 lacrymis
840 2422 1055 2477 humida
1075 2423 1207 2475 fasta
1227 2424 1331 2476 suis
1344 2462 1363 2490 ,

132 2514 194 2569 Et
221 2514 366 2567 dicat
385 2531 399 2567 z
425 2514 638 2567 VATEs
663 2528 832 2581 nuper
845 2549 862 2576 ‚
879 2511 1091 2563 Murete
1110 2547 1125 2572 ,
1144 2507 1283 2562 fuisti

203 2602 339 2656 Non
362 2600 538 2661 bonus
553 2635 571 2668 ‚
589 2612 641 2656 at
664 2611 806 2655 certe
836 2594 972 2655 fidus
999 2611 1202 2653 amator
1233 2611 1371 2655 eras,
