1964 3638
585 152 659 220 E
705 170 752 222 z
801 170 853 222 ε
905 170 958 225 G
1009 172 1049 225 1
1098 174 1191 231 Α.
1523 183 1551 231 x
1569 187 1598 258 3
1618 186 1643 233 1

98 254 349 311 Deinde
367 255 449 312 ubi
474 272 526 314 te
546 264 762 330 pariter
784 265 923 318 saeva
953 283 1102 321 mors
1132 267 1302 338 impia
1329 269 1464 325 falce

180 343 414 396 Laeserit
430 384 448 409 ‚
475 347 539 407 δε,
561 346 697 414 juris
723 348 928 416 jufferit
956 350 1060 406 efl'e
1091 352 1171 406 sui
1193 372 1212 415 3

101 429 251 495 Quo
280 447 382 483 nos
397 465 414 492 ,
434 448 487 485 te
518 435 656 501 poni
681 439 894 489 tumulo
918 440 1190 493 mandabis
1215 444 1414 496 eodem
1426 480 1448 510 ,

182 518 510 587 Inscriptum
533 522 700 591 lapidi
728 540 943 578 carmen
977 526 1031 577 δι
1067 526 1200 580 istud
1229 529 1331 582 erit
1349 548 1366 583 ε

103 603 233 658 Cor
266 605 433 660 fuerat
466 607 609 662 binis
632 627 798 663 unum
815 650 833 677 ‚
862 629 1013 666 mens
1039 630 1171 679 una,
1207 615 1387 670 viator
1405 653 1425 681 ,

182 692 440 758 Quorum
468 712 611 749 nunc
642 713 780 751 unus
810 700 1051 770 contegit
1077 700 1190 754 offa
1215 704 1369 773 lapis.

414 958 1018 1023 4ΕΙΖΕΦΙΑ
1099 964 1246 1027 IV.

195 1057 250 1090 τ.

108 1056 206 1171 Ἐ
253 1136 277 1173 1
292 1136 331 1175 n
344 1136 387 1177 G
404 1136 445 1177 ο
473 1126 646 1181 oculis
668 1127 793 1197 ipfis
815 1131 1012 1186 merito
1035 1132 1170 1187 mihi
1191 1133 1365 1188 carior
1380 1173 1397 1200 ,
1414 1151 1476 1190 ac
1495 1151 1606 1191 non

181 1208 373 1262 Solum
394 1214 569 1268 oculis
589 1216 714 1284 ipfis
734 1256 751 1282 ,
773 1218 907 1287 quin
927 1219 1090 1271 etiam
1113 1219 1225 1288 ipsa
1243 1221 1416 1275 anima
1435 1242 1452 1276 =

106 1295 288 1362 Quam
310 1298 502 1354 niveus
524 1319 737 1357 morum
758 1306 956 1358 candor
973 1341 994 1364 ,
1015 1321 1165 1359 mens
1187 1305 1360 1360 nescia
1378 1308 1570 1363 fraudis
1587 1348 1604 1373 ‚

174 1383 308 1437 -Plus
328 1403 486 1455 quam
507 1389 771 1455 majorum
791 1390 1062 1444 stemmata
1088 1391 1375 1446 nobilitant
1392 1432 1410 1460 ,

106 1471 136 1538 (
158 1471 464 1528 Nobilitent
484 1474 613 1529 licet
632 1476 746 1545 ipsa
768 1516 785 1542 ,
810 1476 1042 1547 licetque
1059 1495 1090 1531 a
1110 1478 1363 1549 sanguine
1383 1481 1558 1547 claro,

180 1559 251 1611 Et
278 1577 393 1613 non
421 1563 640 1615 obscura
658 1564 722 1617 fit
750 1564 849 1616 tibi
865 1563 1026 1634 stirpe
1053 1581 1219 1635 genus
1238 1566 1290 1634 ,)

107 1645 351 1712 Quanta,
373 1663 526 1717 putas
545 1688 561 1715 ,
585 1650 815 1704 nostram
834 1668 1101 1705 vexarunt
1122 1652 1276 1706 tedia
1301 1665 1564 1722 mentem,

178 1735 262 1786 Ex
290 1751 401 1803 quo
432 1736 652 1789 diversis
681 1737 944 1807 coepimus
979 1738 1083 1792 effe
1109 1740 1245 1792 locis
1268 1742 1291 1793 ἓ

106 1818 304 1874 Mitius
331 1822 511 1876 hostili
537 1840 751 1878 ruerent
772 1843 892 1879 cum
913 1826 1165 1897 Pergama
1186 1829 1368 1882 dextra
1382 1865 1399 1893 ‚

176 1907 656 1965 Laomedontiadas
676 1911 957 1967 indoluiss‘e
989 1928 1124 1983 puto
1147 1933 1164 1967 t

107 1994 296 2049 Mitius
322 1996 579 2051 Electram
601 2037 619 2063 ,
648 1999 798 2052 falsas
819 2015 944 2052 cum
976 1999 1135 2054 tristis
1172 2003 1239 2056 ad
1260 2015 1411 2057 autes

178 2081 353 2137 Venit
382 2083 630 2138 Orestaeae
653 2085 846 2139 nuncia
876 2087 1015 2140 fama
1045 2087 1232 2144 necin.⁴

109 2169 325 2225 Scilicet
350 2171 491 2225 haud
519 2174 649 2226 alius
678 2172 881 2242 campis
911 2175 1112 2227 errabat
1137 2173 1285 2228 Aleis

173 2257 434 2312 Excuffus
461 2259 640 2328 patrio
676 2277 897 2314 munere
928 2260 1313 2329 Bellerophon.

105 2346 158 2400 0
184 2353 198 2402 Ξ
237 2347 456 2416 quoties
479 2336 623 2417 agro
654 2344 878 2415 suspiria
901 2345 1117 2415 perre
1141 2345 1272 2398 duxi
1287 2383 1308 2411 ,

170 2436 357 2502 Atque
379 2431 520 2505 ignis
538 2471 554 2496 ,
575 2432 689 2486 dixi
710 2469 726 2492 ,
754 2448 916 2503 quam
938 2432 1127 2500 procul
1147 2430 1272 2483 hinc
1294 2445 1441 2482 meus
1464 2425 1566 2485 est!

102 2517 156 2573 O
177 2524 194 2575 !
225 2519 446 2589 quoties
469 2518 663 2590 quavis
681 2519 837 2572 libuit
858 2516 995 2572 mihi
1013 2531 1189 2570 morte
1210 2514 1440 2587 pacisci,

170 2604 452 2660 Poffemus
472 2622 670 2675 paucos
692 2620 754 2659 ut
773 2605 924 2658 fimul
942 2602 1047 2658 effe
1069 2603 1182 2658 dies
1204 2608 1217 2658 !
1509 2679 1514 2683 .

104 2692 412 2748 Occurrunt
437 2692 623 2746 animo
653 2691 879 2745 ridentia
903 2690 1107 2744 lumina
1138 2689 1316 2745 nostro
1336 2728 1356 2756 ,
1417 2706 1440 2716 ·’
1489 2694 1515 2713 ‘⁷

170 2780 430 2838 Occurrit
459 2779 612 2835 fusco
644 2779 867 2834 blandus
893 2775 953 2831 in
988 2794 1082 2832 ore
1109 2780 1304 2918 stygos-³
1401 2853 1405 2858 ¹

1227 2882 1283 2931 v1
