1964 3638
287 210 317 286 ς
330 214 377 283 4
711 189 774 257 T
819 207 902 258 H.
973 206 977 211 ·
1008 189 1070 257 B
1122 204 1171 255 E
1218 203 1275 255 z
1320 205 1387 255 ι.

278 304 422 372 Ergo
444 298 589 370 agite
602 334 620 361 ,
644 296 680 350 ὂ
698 298 917 360 Manes,
940 295 977 352 ὃ
995 314 1147 351 mens
1168 297 1326 370 super
1348 296 1541 351 athera
1562 294 1825 367 pridem

283 384 457 441 Vecta
478 423 494 450 ,
525 384 674 454 pium
693 421 710 448 ,
742 400 925 454 quaeso
943 423 961 450 ‚
998 401 1028 436 a
1049 383 1204 438 nobis
1241 385 1347 437 hoc
1365 383 1545 454 accipe
1574 400 1879 438 carmen.

283 473 358 527 At
388 486 445 527 tu
468 511 485 537 ,
515 472 716 526 summe
734 470 911 524 Dessm
926 508 944 536 ‚
964 469 1100 523 vasti
1119 469 1215 540 qui
1229 472 1463 540 pondera
1491 471 1628 524 coeli

283 557 491 627 Dirigis
508 594 525 620 ,
550 558 608 610 &
643 555 819 610 vastus
853 556 939 610 cui
973 556 1082 610 sese
1105 560 1469 610 accommodat
1490 556 1643 611 erbis
1669 594 1692 620 ,

286 642 565 725 Gritiaeum
596 642 860 696 insontem
891 642 1095 695 dilectis
1125 636 1338 697 orbibus
1360 643 1517 697 infer.

510 776 638 837 IN
722 774 1596 854 CERATINUM,

632 883 1464 939 PsssunomouAcnuM.

289 1022 437 1078 Flete
455 1021 679 1094 agedum
698 1057 715 1085 ,
735 1019 862 1076 flete
879 1059 896 1086 ‚
924 1020 959 1074 ὂ
979 1021 1167 1076 ftatres
1188 1040 1204 1075 ε
1233 1020 1499 1076 εκτίοᾶιιε
1521 1020 1709 1076 abivit

361 1113 461 1165 Ille
488 1127 626 1164 unus
648 1107 832 1163 vestrae
858 1107 1156 1177 relligionis
1193 1110 1395 1164 honos.

300 1198 497 1253 Ridete
520 1234 538 1263 ,
565 1195 604 1250 ὂ
630 1193 823 1265 reliqui
842 1232 860 1259 ,
895 1192 1010 1246 risu
1042 1193 1335 1266 digniffima
1363 1210 1450 1249 res
1473 1193 1579 1249 este

367 1285 498 1338 Haec
531 1282 651 1336 sunt
676 1278 948 1350 perpetuis
981 1279 1165 1333 funera
1185 1280 1342 1350 digna
1364 1279 1521 1347 iocis.

295 1369 513 1442 Quippe
524 1367 680 1436 huius
703 1369 974 1438 quondam
997 1365 1333 1421 mendacibus
1355 1365 1537 1420 onnia
1554 1365 1708 1420 fucis

370 1455 622 1519 Perdere,
648 1453 760 1507 sola
781 1453 873 1507 diu
902 1468 1134 1521 curaque
1156 1468 1414 1522 mensque
1430 1451 1554 1506 fuit.

298 1545 370 1596 At
390 1544 516 1597 dum
535 1538 721 1601 cuncta
737 1539 871 1611 tegit
887 1576 904 1603 ‚
934 1541 1062 1595 dum
1079 1537 1342 1592 fraudibus
1362 1539 1546 1592 omnia
1566 1541 1732 1593 velat
1748 1579 1776 1606 ,

372 1628 530 1683 Mors
559 1627 919 1680 fimulatorem
951 1641 1067 1678 non
1098 1623 1341 1678 simulata
1368 1624 1527 1693 rapit.

287 1756 1158 1841 .10.QUEL1N1,
1230 1757 1863 1840 soDALIS

817 1882 1308 1924 chlssnul.

447 2005 546 2061 me
566 2044 585 2073 ‚
623 2004 869 2075 Calliope
888 2045 903 2071 ‚
936 2004 1201 2073 Quelinus
1229 2005 1355 2072 ine,

442 2094 512 2146 Et
541 2107 662 2146 tuus
699 2092 851 2144 fimul
874 2130 890 2157 ,
937 2091 991 2144 &
1019 2108 1169 2145 meus
1199 2092 1466 2159 Quelinus
1484 2131 1501 2157 ‚

436 2181 546 2243 ‚Ille
563 2217 581 2245 ‚
616 2179 834 2249 inquam
856 2216 871 2242 ,
898 2177 958 2231 in
980 2178 1152 2231 media
1180 2178 1342 2231 senex
1361 2176 1582 2246 juventa

445 2265 616 2335 Aquis
650 2263 856 2317 interiit
889 2249 1050 2316 miser
1083 2264 1176 2316 sub
1202 2263 1311 2317 illis
1332 2303 1352 2329 ,

445 2354 578 2406 Non
602 2368 731 2422 quas
754 2352 907 2404 fonte
929 2363 1027 2403 tuo
1055 2348 1298 2403 hauserat
1315 2388 1336 2412 ‚
1374 2366 1474 2404 nec
1504 2350 1615 2406 inis

448 2439 599 2506 Quas
629 2438 806 2491 secum
834 2436 946 2489 fluv
956 2436 998 2489 ii
1018 2438 1230 2489 trahunt
1253 2436 1498 2490 sonantes
1522 2455 1540 2498 ;

449 2526 555 2579 Sed
575 2541 703 2594 quas
719 2562 737 2589 ,
768 2525 892 2576 dum
917 2520 1113 2592 vigiles
1148 2521 1275 2576 terit
1304 2525 1542 2579 lucernas
1568 2564 1587 2594 ,

453 2609 718 2665 Collestas
749 2607 880 2661 aluit
915 2605 1156 2661 scelestus
1192 2609 1453 2679 hydrops.

370 2689 375 2692 ’
454 2696 546 2749 Sic
581 2711 701 2749 tuus
736 2690 896 2763 periit
925 2690 1023 2744 tibi
1057 2693 1357 2759 Quelinus‚

458 2780 547 2835 Sic
579 2799 729 2836 meus
758 2777 919 2849 periit
954 2775 1088 2843 mihi
1117 2778 1401 2847 Quelinus.
