1964 3638
578 199 1159 266 Etficlsz.
1497 209 1626 282 137

427 422 938 487 ELEGIA
1021 421 1297 486 VIII.

57 518 510 636 ΒΑε-»ιοιυκ
530 584 723 637 blando
743 582 927 637 retulit
943 580 1078 636 mihi
1095 576 1355 651 Margaris
1380 593 1475 632 ore
1494 582 1516 643 ,“

137 670 450 722 Ambrofia
481 671 537 722 δι
558 669 699 722 dulci
723 670 928 723 aestate
944 709 960 733 ,
986 670 1134 722 dulce
1157 666 1322 736 magis
1344 684 1362 726 ·‚

62 756 254 821 Quale
280 759 493 825 thymo
517 771 608 809 aut
624 756 800 819 cafiae,
824 757 980 810 verni
1006 758 1098 809 sub
1119 756 1347 824 primula
1366 751 1510 806 Solis

141 842 404 901 Lumina
424 880 442 905 ‚
470 858 594 893 cum
622 843 813 895 blando
842 859 1110 895 murmure
1140 841 1270 894 libat
1302 837 1449 908 apis:

65 925 201 980 Inde
228 927 391 997 ,fugit
418 943 649 995 propere
679 929 899 996 pedibus
923 928 1123 981 lasciva
1152 925 1452 996 protervis,

142 1015 311 1066 Dum
343 1012 462 1065 sese
496 1014 556 1065 in
581 1014 813 1067 tenebris
845 1013 994 1083 poffe
1029 1018 1195 1066 latere
1218 1023 1388 1080 putat.

75 1099 182 1151 Sed
203 1099 356 1151 nihil
380 1098 455 1150 est
481 1133 497 1160 ,
519 1115 631 1152 non
651 1099 775 1152 fivit
795 1116 912 1153 eam
933 1098 1136 1153 latuiffe
1162 1096 1372 1166 cupido
1388 1113 1407 1151 ε

151 1185 391 1237 Erranti
412 1185 607 1238 faculas
629 1187 863 1255 praetulit
883 1186 977 1239 ille
997 1186 1152 1241 mihi.

77 1272 106 1325 J
112 1287 204 1323 am
242 1287 301 1324 te
324 1271 501 1341 igitur
520 1275 695 1326 rursus
716 1288 877 1326 teneo
893 1312 910 1338 ,
934 1273 1229 1327 formosula
1247 1311 1263 1338 ,
1283 1270 1388 1336 iam
1410 1285 1463 1325 te

157 1358 362 1424 (Quid
388 1359 652 1427 trepidas?
672 1362 693 1429 )
714 1375 877 1413 teneo
898 1379 913 1413 ε
935 1358 1043 1424 jam
1066 1398 1083 1425 ‚
1103 1360 1251 1423 rosa,
1283 1374 1335 1412 te
1364 1365 1547 1414 tene0.‘

80 1446 174 1499 Da
203 1446 362 1498 mihi
387 1463 488 1515 pro
511 1464 656 1517 grata
678 1446 841 1500 sumti
862 1447 1104 1500 mercede
1125 1445 1322 1499 laboris

161 1533 282 1585 Ter
306 1531 420 1584 tria
436 1570 455 1596 ‚
475 1547 656 1602 terque
681 1533 847 1585 tribus
865 1532 1004 1586 bafia
1025 1531 1176 1584 dufia
1199 1531 1394 1585 modis.

86 1615 203 1671 Die
227 1633 339 1687 age
363 1655 379 1680 ,
399 1634 524 1669 num
542 1615 708 1673 'sentis
729 1620 934 1673 animos
953 1635 1266 1672 concurrere
1286 1616 1492 1672 nostros

164 1708 333 1759 Dum
360 1705 455 1758 fibi
476 1707 753 1761 dimidium
775 1708 964 1777 quaerit
986 1723 1207 1776 uterque
1226 1706 1345 1762 sui?

24 1856 35 1863 ,
90 1794 188 1850 Sic
210 1781 317 1864 age
340 1829 360 1857 ,
378 1791 448 1846 fic
472 1809 585 1847 mea
602 1794 717 1848 vita
739 1832 755 1857 ,
779 1794 987 1848 animos
1008 1793 1285 1865 iungamus
1302 1792 1583 1864 utrinquess

174 1883 351 1934 Nulla
378 1895 436 1933 ut
466 1898 559 1934 eos
593 1880 750 1950 poffit
786 1880 1056 1935 dissociare
1082 1881 1216 1937 dies.

98 1968 260 2037 Quin
287 1968 501 2021 tandem
534 1967 793 2038 ambiguae
829 1967 946 2037 post
976 1967 1093 2034 iura
1115 1969 1349 2038 precaria
1371 1968 1508 2024 lucis

178 2055 398 2109 Unicus
431 2070 462 2107 e
497 2054 713 2124 gemino
748 2054 961 2123 spiritus
998 2071 1092 2109 ore
1117 2054 1263 2108 fluat.

509 2315 1006 2376 ELEGIA
1087 2311 1242 2372 IX.

99 2407 567 2541 MAneAm,
579 2469 898 2525 flammeolis
917 2487 1035 2541 quae
1049 2484 1135 2522 me
1151 2463 1417 2522 comburis
1436 2463 1644 2529 ocellis,'

64 2554 69 2559 ’
188 2558 295 2610 Per
329 2575 466 2627 quos
495 2558 555 2611 in
584 2559 817 2622 cineres,
852 2557 942 2611 hei
979 2554 1150 2610 mihi!
1183 2554 1346 2608 vivus
1385 2569 1484 2605 eo:

108 2643 224 2699 Dic
248 2642 386 2696 mihi
407 2681 422 2706 ,
445 2646 538 2714 qui
554 2642 712 2697 facias
734 2660 845 2697 tam
867 2646 1032 2696 multa
1056 2640 1299 2696 incendia
1318 2679 1334 2704 ,
1359 2655 1478 2695 cum
1501 2637 1567 2693 fis

192 2729 488 2785 Candidior
518 2729 687 2799 prima
709 2728 1057 2800 frigidiorque
1088 2727 1216 2781 nive
1240 2730 1261 2781 ἓ

108 2821 363 2891 Namque
378 2832 440 2872 ea
456 2833 572 2888 quae
590 2818 781 2872 molles
796 2815 939 2871 exest
957 2814 1093 2871 mihi
1110 2814 1325 2871 flamma
1349 2815 1600 2872 medullas
1622 2822 1645 2887 ,f
