1964 3638
370 181 503 232 100
700 193 711 204 κ·
782 140 975 227 ΤΪΗ.
1077 156 1459 229 ΒεΖΛε

496 266 591 323 Nil
621 266 798 320 hercle
827 267 952 320 fecit
981 283 1173 338 praeter
1204 269 1436 323 officium
1467 270 1628 323 suum
1647 309 1670 337 ‚

491 353 605 422 Qui
632 353 878 407 evincere
904 371 935 406 a
970 368 1026 406 te
1055 371 1167 407 rem
1202 357 1440 409 volucrit
1471 357 1810 424 publicam.-

508 485 648 549 AD
704 473 1069 551 P·EDEM
1130 449 1733 556 CANDIDAE.

557 624 614 678 Ο
636 627 743 694 spes
760 625 961 695 =,quem
989 621 1213 697 geniinae
1239 621 1500 696 premunt'
1522 632 1843 686 columnae
1867 671 1894 699 ‚

481 712 594 765 111ae
610 750 627 776 ,
654 712 870 781 inquam
891 751 906 775 ,
934 712 1159 781 geminae
1190 730 1435 780 premunt
1464 718 1766 771 columnae
1790 758 1816 786 ‚

477 800 722 866 Quarum
757 816 828 851 ex
858 798 1077 851 arbitrio
1108 800 1332 867 quiescit
1363 801 1452 854 ina
1474 841 1491 865 ‚

480 884 732 953 Quarum'
754 887 825 937 ex
847 884 1069 938 arbitrio
1106 898 1357 938 movetur
1381 887 1469 939 ina
1494 926 1512 952 ‚

477 974 578 1026 Illa
604 971 834 1025 Candida
857 1010 873 1035 ‚
907 970 1055 1035 cujus
1087 970 1223 1023 intra
1252 965 1453 1025 &cellos
1473 1012 1491 1038 ,

478 1060 579 1112 lua
610 1057 843 1110 Candida
861 1095 878 1121 ,
906 1055 1056 1123 cujus
1091 1056 1148 1108 in
1189 1056 1408 1125 papillis

476 1147 688 1199 Omnes
719 1142 920 1197 deliciae
944 1145 1112 1195 latent
1138 1143 1345 1197 Baezaei.

549 1231 606 1285 O
645 1247 739 1299 pes
767 1228 981 1283 candide
1001 1228 1262 1282 'Candida
1285 1268 1300 1293 ,
1333 1228 1368 1281 ὂ
1404 1232 1609 1286 tenelle

473 1317 563 1371 Mi
594 1333 688 1387 pes
708 1356 725 1380 ,
759 1316 845 1369 dic
872 1314 1043 1379 mihi,
1072 1314 1109 1366 ὃ
1138 1316 1333 1367 tenelle
1368 1315 1444 1367 mi
1477 1333 1572 1383 pes
1602 1356 1627 1384 ‚

471 1403 587 1470 Qui
626 1419 798 1455 meam
821 1400 956 1455 mihi.
982 1399 1268 1452 Candidam
1293 1401 1557 1453 adferebas
1584 1440 1608 1464 ,

469 1492 586 1545 Cur
619 1506 791 1542 meam
818 1487 953 1539 mihi
985 1484 1274 1538 Candidam
1298 1485 1599 1541 abstulisti?

438 1601 443 1604 -
470 1578 545 1629 At
576 1576 757 1627 saltem
785 1572 958 1626 decuit
992 1563 1378 1639 profectionem
1430 1564 1435 1568 ’
1613 1601 1620 1608 ⁴

465 1659 735 1714 Nunciare
769 1656 903 1709 mihi
927 1696 944 1720 ‚
973 1671 1034 1709 ut
1064 1658 1155 1710 vel
1190 1658 1460 1726 experirer

468 1748 556 1799 An
593 1742 797 1813 poffem
832 1742 1077 1811 precibus
1113 1744 1288 1814 fugam
1323 1743 1519 1797 morari
1538 1782 1554 1809 ,

469 1833 578 1886 Vel
604 1831 699 1884 tibi
722 1846 902 1884 comes
937 1829 1065 1883 effer
1093 1828 1181 1883 hic
1203 1847 1351 1883 meus
1380 1847 1495 1898 pes,

463 1919 524 1972 O
542 1919 647 1971 [fur
679 1907 891 1984 peffime
909 1938 937 1981 ,·
962 1914 1091 1985 quid
1119 1915 1218 1968 tibi
1246 1916 1583 1986 imprecabor
1609 1923 1642 1976 ἓ

463 2007 552 2058 An
589 2003 790 2056 nodosa
825 2002 922 2055 tibi
956 2018 1017 2055 ut
1046 2004 1277 2072 podagra
1307 2003 1527 2058 cunstos

463 2093 648 2145 Vexet
673 2088 922 2143 articulos
957 2091 978 2142 ἒ
1007 2104 1073 2140 an
1105 2089 1441 2160 urmolestus

461 2178 552 2231 Sic
581 2178 796 2245 scrupus
825 2189 1031 2243 premat
1051 2213 1065 2239 ‚
1093 2172 1157 2226 'ut
1184 2175 1349 2230 libido
1387 2192 1681 2248 nunquam

461 2266 590 2319 Ulla
626 2277 677 2315 te
706 2260 879 2331 capiat
905 2259 1253 2329 profectionis
1276 2261 1299 2314 ἒ

465 2353 540 2405 At
556 2343 561 2349 ⁹
576 2351 757 2402 dolere
787 2346 975 2416 nequis
997 2383 1015 2405 ‚
1054 2345 1306 2413 sceleste,
1328 2349 1471 2403 solus
1489 2369 1508 2404 ε

460 2438 656 2492 Nullos
687 2451 815 2504 ergo
847 2432 946 2485 tibi
982 2432 1247 2500 imprecor
1278 2436 1512 2490 dolores.

462 2527 592 2579 Non
627 2536 753 2589 peto
796 2520 1144 2587 quadruplum
1166 2559 1183 2584 ,
1216 2519 1342 2575 licet
1373 2523 1544 2577 teneri
1564 2536 1594 2590 ,⁴

466 2611 544 2662 Ut
578 2608 662 2661 fur
681 2645 696 2670 ,
722 2607 819 2658 hac
851 2603 1044 2657 merito
1077 2605 1288 2659 afflone
1318 2606 1473 2675 poffis
1498 2628 1514 2661 t

460 2696 590 2748 Hoc
616 2708 779 2745 unum
811 2697 938 2760 pcto
959 2724 976 2750 ‚
1007 2692 1163 2759 ¹quod
1185 2692 1635 2752 mihi-abstulistig

462 2781 754 2838 Reddeme
782 2778 916 2834 mihi
937 2816 952 2846 ,
980 2779 1192 2848 quaeso,
1223 2780 1419 2848 redde··‚
1445 2782 1677 2854 rui-pes
1699 2809 1730 2850 =
