1964 3638
628 185 1108 260 BASIA;
1499 210 1689 285 221·

532 421 1047 489 BASIUM
1126 427 1206 491 X.

87 511 337 630 Non
349 576 470 630 sunt
484 593 626 633 certa
637 597 811 635 meam
824 572 1082 639 moveanr
1097 602 1211 656 quae
1221 586 1359 642 bafia
1373 596 1633 644 mentem:

159 663 286 714 Uda
318 664 484 718 labris*
498 665 615 719 udis
634 669 865 724 conseris
885 670 1021 725 ?uda
1041 670 1254 739 juvant.

86 746 199 802 Nec
220 748 326 800 sua
344 749 555 804 bafiolis
573 753 779 808 non-est
797 772 1012 827 quoque
1035 760 1199 830 gratia
1219 759 1401 826 ficcis,

155 833 356 888 Fluxit
373 837 437 887 ab
457 835 543 890 his
565 837 772 907 tepidus
790 840 926 909 saepe
947 843 1042 896 sub
1062 843 1171 896 offa
1188 861 1383 913 vapor.

86 918 265 972 Dulce
286 936 508 990 quoque
527 921 600 975 est
618 925 794 978 oculis
810 927 1116 982 nutantibus
1137 931 1316 985 oscula
1335 930 1471 985 ferre
1487 970 1505 999 ,

157 1004 533 1076 Amastor-esque
553 1008 635 1062 sui
655 1010 964 1066 demeruiffe
987 1014 1153 1066 mali.

89 1089 214 1145 Sive
248 1092 411 1162 genis
442 1094 612 1159 totis.
635 1096 811 1151 totive
842 1098 1146 1153 incumbere
1180 1102 1364 1169 collo,

156 1179 265 1232 Seu
292 1179 480 1233 niveis
509 1181 745 1235 humeris
768 1221 785 1247 ‚
816 1184 908 1237 seu
940 1185 1078 1237 finni
1098 1185 1265 1239 niveo
1289 1225 1309 1250 ‚

89 1263 153 1314 Et
172 1277 316 1318 totas
339 1265 519 1319 livore
543 1283 703 1337 genas
723 1307 739 1334 ,
762 1272 1069 1340 collumque
1088 1285 1272 1326 notare
1290 1308 1310 1335 ‚

79 1362 90 1367 ‘
155 1351 599 1423 candidulosque
620 1356 902 1422 humeros,
927 1357 1371 1427 candidulumque
1387 1357 1551 1410 finum
1567 1378 1585 1415 z

92 1437 191 1492 Seu
210 1438 381 1493 labris
401 1441 977 1508 querulistitubantem
1007 1443 1190 1514 sugere
1209 1445 1444 1516 linguam
1463 1483 1480 1510 ‚

154 1526 219 1578 Et
238 1525 473 1579 miscere
493 1527 624 1579 duas
648 1524 824 1592 iun&
842 1544 937 1596 per
961 1545 1056 1582 ora
1077 1529 1279 1584 animas
1300 1569 1318 1597 ‚

87 1608 245 1682 laque
268 1613 621 1684 peregrinum
653 1613 943 1668 diffundere
964 1632 1161 1684 corpus
1184 1633 1459 1688 utramque
1473 1658 1490 1683 ,

153 1699 403 1772 Languet
436 1699 490 1750 in
519 1712 767 1771 extremo
795 1717 926 1765 rcum
957 1702 1300 1776 moribupdus
1333 1723 1508 1759 amor.

87 1783 174 1840 Me
191 1786 367 1840 breve
385 1819 400 1846 ,
420 1800 507 1839 me
517 1785 740 1856 longum
756 1786 926 1856 capiet
938 1826 955 1852 ,
970 1789 1258 1860 laxumque
1277 1800 1543 1863 tenaxque
1554 1800 1576 1858 ,'

152 1877 256 1929 Seu
271 1873 418 1928 mihi
437 1875 526 1927 das
542 1912 557 1938 ‚
579 1874 669 1928 seu
693 1875 761 1928 do
777 1913 793 1941 ,
816 1863 912 1928 lu‘x
930 1914 945 1941 ‚
969 1875 1066 1929 tibi
1085 1876 1358 1934 bafiolurn.

86 1961 269 2030 Qualia
293 1961 392 2015 sed
412 1960 587 2013 sumes
607 1997 624 2024 ,
643 1976 915 2031 nunquam
935 1961 1072 2015 mihi
1092 1962 1218 2018 talia
1234 1965 1392 2019 redde
1410 1982 1432 2020 e

149 2045 405 2103 Diverfis
423 2044 634 2099 varium
654 2046 797 2099 ludat
815 2061 1044 2118 uterquev
1057 2048 1252 2103 modis.
1402 2071 1405 2074 ·

82 2134 147 2187 At
163 2149 337 2205 quem
355 2128 567 2185 deficiet
584 2130 835 2184 varianda
856 2130 1027 2201 figura
1046 2129 1281 2199 priorem
1303 2168 1324 2195 ‚

147 2222 357 2292 Legem
378 2214 637 2270 submiffis
658 2215 835 2269 audiat
858 2216 995 2269 hanc
1014 2214 1185 2269 oculis
1205 2253 1224 2279 ‚

84 2306 154 2359 Ut
168 2345 183 2370 ‚
207 2315 355 2375 quot
373 2299 626 2370 utrinque
644 2299 791 2370 prifls
818 2300 936 2353 data
958 2299 1060 2351 fint
1081 2337 1100 2365 ‚
1117 2312 1202 2352 tot
1220 2298 1358 2354 bafia
1377 2298 1523 2356 solus

148 2388 354 2448 Dulcia
374 2385 575 2444 vistori
597 2386 685 2442 det
702 2424 720 2454 ,
747 2383 1082 2455 totidemque
1110 2382 1305 2440 modis·

725 2599 967 2730 W

1117 2870 1174 2929 K
1208 2869 1266 2940 iij
