1964 3638
264 188 428 325 Δ’μ’
759 232 947 300 ΤΗ.
1050 232 1446 317 822ae

748 456 1262 520 ELEGIA
1344 456 1504 546 V„

334 542 744 695 QUI-‘QUIS
758 628 922 676 amas,
940 613 1090 666 aiunt
1106 610 1300 677 cunsti,
1311 611 1433 680 fuge
1446 624 1642 680 corpus
1658 620 1934 670 amatum,

406 698 616 753 Vivere
638 699 677 751 st
700 716 854 754 coeco
882 701 1018 753 liber
1047 701 1110 753 ab
1139 699 1263 772 igne
1300 695 1473 766 cupis.

306 782 437 839 ‘nei
473 784 607 837 mihi
634 789 646 839 Ξ
679 799 732 839 te
767 785 981 855 quoties
1004 786 1152 857 fugi,
1177 801 1297 855 mea
1324 783 1557 837 Candida
1580 785 1594 838 Ε
1623 782 1742 854 fugi
1770 800 1793 838 t

405 871 626 940 Semper
655 886 708 925 at
743 871 802 925 in
828 873 1007 927 nostro
1044 872 1259 943 perre
1297 885 1481 942 regnat
1517 886 1689 924 amor.

331 956 468 1010 Ecce
496 956 688 1010 iterum
708 995 724 1022 ‚
756 958 927 1011 fateor
946 997 960 1023 ,
986 957 1096 1028 fugi
1125 971 1177 1011 te
1193 997 1209 1022 ‚
1236 956 1468 1010 Candida
1490 973 1506 1010 t
1526 970 1725 1008 verum
1752 975 1762 983 ·

411 1043 478 1095 Et
502 1043 659 1112 potui
690 1044 743 1097 &
772 1044 979 1113 poffum
1009 1044 1185 1098 dicere
1219 1044 1427 1113 semper
1446 1078 1463 1104 ,
1493 1058 1640 1095 amo.

337 1126 470 1181 Sive
503 1129 647 1181 abeo·
668 1128 727 1180 in
760 1128 948 1194 filvas,
985 1128 1141 1182 nobis
1175 1127 1429 1181 succurrit
1450 1125 1696 1189 Adonist,

416 1214 480 1266 Et
511 1212 575 1266 fit
600 1212 821 1267 tristitiae
862 1213 1078 1267 conscia
1108 1214 1238 1267 {ilva
1266 1230 1419 1268 meae.

335 1298 468 1354 Sive
490 1302 700 1369 placent
721 1300 901 1366 horti,
925 1316 1062 1371 quot
1081 1298 1276 1353 florum
1298 1297 1387 1354 hic
1414 1298 1583 1354 millia
1607 1315 1777 1353 cerno
1795 1336 1816 1366 ‚

412 1391 524 1443 Tot
545 1384 767 1442 stimulis
791 1403 1007 1457 captum
1030 1404 1116 1441 me
1141 1387 1337 1456 premit
1359 1388 1508 1456 asper
1529 1403 1699 1439 amor.

346 1474 641 1528 Narciffum
653 1475 778 1528 hinc
791 1488 1039 1529 croceum
1050 1472 1361 1533 video,hinc
1372 1472 1906 1543 flentesuyacinthos

414 1559 559 1614 Hinc
584 1561 747 1614 miser
767 1577 888 1614 ante
911 1561 1101 1613 oculos
1122 1559 1343 1629 pulcher
1361 1557 1565 1611 Adonis
1584 1556 1742 1610 adest.

340 1645 541 1714 Magna
563 1645 780 1714 quidem
802 1643 991 1695 nostrae
1017 1645 1188 1696 fateor
1208 1644 1555 1698 medicamina
1577 1642 1809 1697 flamme
1832 1659 1855 1700 ε

414 1731 518 1783 Sed
547 1745 633 1781 me
663 1729 760 1799 qui
787 1728 961 1781 vincit
981 1767 998 1792 ,
1025 1728 1200 1781 vincit
1240 1731 1291 1783 &
1320 1729 1413 1783 ille
1439 1730 1614 1782 θεοῦ.
1837 1721 1846 1726 ’

344 1817 414 1870 At
443 1815 482 1868 fi
518 1830 666 1886 prata
698 1813 887 1881 iuvant
911 1847 928 1875 ‚
966 1812 1005 1868 ὃ
1039 1831 1259 1884 quantas
1295 1814 1469 1872 sentio
1499 1813 1741 1869 flammas
1769 1818 1787 1873 l

417 1901 595 1955 Ardeo
631 1916 758 1955 tunc
795 1899 1027 1953 flammis
1060 1916 1209 1955 totus
1233 1901 1432 1954 amoris
1463 1916 1588 1971 ego.

342 1988 450 2041 'Hic
479 1985 671 2039 videor
695 1985 906 2038 Cereris·
934 1985 1231 2056 fugientem
1257 2001 1471 2040 cernere
1501 2000 1720 2047 natam;

418 2070 522 2125 Hic
556 2070 749 2125 videor
771 2071 916 2124 furvi
950 2089 1168 2125 cernere
1200 2073 1350 2126 Ditis
1385 2088 1577 2142 equos.

343 2159 551 2213 Littora
574 2158 613 2211 fi
635 2156 814 2226 specto
832 2197 849 2224 ,
874 2157 1075 2212 vitreas
1103 2172 1230 2211 tunc
1252 2159 1441 2230 cogito
1465 2160 1746 2230 Nymphas
1769 2195 1793 2230 2

419 2244 747 2313 Fervidaque
777 2244 838 2296 in
869 2244 1051 2297 medio
1084 2245 1303 2299 numina
1336 2247 1474 2316 saepe
1502 2247 1660 2301 mari.

347 2332 479 2401 Quo
515 2330 685 2400 magis
714 2331 887 2384 evado
921 2342 1135 2384 montes
1167 2331 1408 2386 sublimis
1449 2331 1507 2385 in
1543 2335 1683 2387 altos
1703 2371 1723 2400 ,

422 2421 547 2475 Hoc
575 2418 803 2488 propior
828 2417 1063 2472 Veneris
1099 2416 1164 2470 fit
1184 2435 1318 2487 puer
1345 2419 1437 2472 ille
1466 2418 1620 2474 mihi.

351 2505 410 2560 Si
447 2509 691 2576 placeant
715 2505 871 2557 urbes
898 2542 915 2568 ‚
941 2503 962 2570 (
988 2504 1076 2557 vis
1108 2518 1169 2556 ut
1199 2503 1362 2559 semel
1398 2506 1581 2558 omnia
1615 2505 1790 2562 dicam
1812 2505 1888 2581 ἓ)

423 2593 540 2645 Illic
574 2607 695 2645 curn
720 2589 936 2642 videam
979 2588 1212 2658 plurima
1238 2630 1253 2653 ‚
1287 2593 1428 2643 nulla
1465 2594 1701 2659 placent.

347 2676 500 2734 Illius
539 2693 681 2729 nunc
713 2690 874 2744 carpo
908 2676 1098 2727 oculos
1121 2712 1139 2739 ,
1176 2690 1316 2729 nunc
1345 2675 1492 2733 illius
1528 2693 1664 2751 orat

426 2764 558 2816 Haec
578 2761 751 2833 capite
766 2801 784 2828 ,
806 2762 918 2815 haec
938 2760 1159 2830 pedibus
1182 2760 1421 2830 displicet
1440 2801 1457 2827 ,
1486 2762 1575 2815 illa
1604 2765 1788 2835 genia*

357 2847 609 2920 Denique
636 2848 885 2905 materies
915 2848 955 2903 fi
988 2847 1129 2903 dedit
1146 2886 1164 2916 ,
1194 2848 1417 2906 crimina
1442 2848 1638 2925 fingo*
