<?xml version="1.0" encoding="UTF-8"?>
<!DOCTYPE html PUBLIC "-//W3C//DTD XHTML 1.0 Transitional//EN"
    "http://www.w3.org/TR/xhtml1/DTD/xhtml1-transitional.dtd">
<html xmlns="http://www.w3.org/1999/xhtml" xml:lang="en" lang="en">
 <head>
  <title>
</title>
<meta http-equiv="Content-Type" content="text/html;charset=utf-8" />
  <meta name='ocr-system' content='tesseract 3.04.00' />
  <meta name='ocr-capabilities' content='ocr_page ocr_carea ocr_par ocr_line ocrx_word'/>
</head>
<body>
  <div class='ocr_page' id='page_1' title='image "amoenitatespoet00secogoog_0060.png"; bbox 0 0 1964 3638; ppageno 0'>
   <div class='ocr_carea' id='block_1_1' title="bbox 252 235 1377 314">
    <p class='ocr_par' dir='ltr' id='par_1_1' title="bbox 252 235 1377 314">
     <span class='ocr_line' id='line_1_1' title="bbox 252 235 1377 314; baseline -0.01 -3"><span class='ocrx_word' id='word_1_1' title='bbox 252 237 391 314; x_wconf 58' lang='grc' dir='ltr'>,ἥδ</span> <span class='ocrx_word' id='word_1_2' title='bbox 718 235 902 304; x_wconf 76' lang='grc' dir='ltr'>ΤΗ.</span> <span class='ocrx_word' id='word_1_3' title='bbox 1002 237 1377 306; x_wconf 67' lang='lat' dir='ltr'>82:2AE</span> 
     </span>
    </p>
   </div>
   <div class='ocr_carea' id='block_1_2' title="bbox 256 326 1821 2657">
    <p class='ocr_par' dir='ltr' id='par_1_2' title="bbox 361 326 1676 416">
     <span class='ocr_line' id='line_1_2' title="bbox 361 326 1676 416; baseline -0.002 -23"><span class='ocrx_word' id='word_1_4' title='bbox 361 343 514 397; x_wconf 81' lang='lat' dir='ltr'>Tunc</span> <span class='ocrx_word' id='word_1_5' title='bbox 535 343 716 415; x_wconf 81' lang='lat' dir='ltr'>cupias</span> <span class='ocrx_word' id='word_1_6' title='bbox 738 347 917 400; x_wconf 85' lang='lat' dir='ltr'>frustra</span> <span class='ocrx_word' id='word_1_7' title='bbox 937 386 953 411; x_wconf 89' lang='lat'>‚</span> <span class='ocrx_word' id='word_1_8' title='bbox 975 346 1191 416; x_wconf 83' lang='lat' dir='ltr'>peffima</span> <span class='ocrx_word' id='word_1_9' title='bbox 1213 343 1426 397; x_wconf 79' lang='lat' dir='ltr'>moecha</span> <span class='ocrx_word' id='word_1_10' title='bbox 1445 376 1461 403; x_wconf 87' lang='lat'>,</span> <span class='ocrx_word' id='word_1_11' title='bbox 1481 326 1676 390; x_wconf 48' lang='lat' dir='ltr'>moris</span> 
     </span>
    </p>

    <p class='ocr_par' dir='ltr' id='par_1_3' title="bbox 286 426 1629 585">
     <span class='ocr_line' id='line_1_3' title="bbox 286 426 1629 504; baseline -0.003 -23"><span class='ocrx_word' id='word_1_12' title='bbox 286 426 485 483; x_wconf 79' lang='lat' dir='ltr'>Saeviat</span> <span class='ocrx_word' id='word_1_13' title='bbox 513 431 572 483; x_wconf 88' lang='lat' dir='ltr'>in</span> <span class='ocrx_word' id='word_1_14' title='bbox 599 450 836 487; x_wconf 86' lang='lat' dir='ltr'>macrum</span> <span class='ocrx_word' id='word_1_15' title='bbox 870 436 1071 489; x_wconf 86' lang='lat' dir='ltr'>nodosa</span> <span class='ocrx_word' id='word_1_16' title='bbox 1104 436 1335 504; x_wconf 85' lang='lat' dir='ltr'>podagra</span> <span class='ocrx_word' id='word_1_17' title='bbox 1365 431 1588 483; x_wconf 83' lang='lat' dir='ltr'>cadaver</span> <span class='ocrx_word' id='word_1_18' title='bbox 1608 461 1629 489; x_wconf 80' lang='grc'><strong>,</strong></span> 
     </span>
     <span class='ocr_line' id='line_1_4' title="bbox 361 516 1459 585; baseline 0 -18"><span class='ocrx_word' id='word_1_19' title='bbox 361 517 534 585; x_wconf 83' lang='lat' dir='ltr'>Atque</span> <span class='ocrx_word' id='word_1_20' title='bbox 564 519 922 575; x_wconf 80' lang='lat' dir='ltr'>diu&#39;infirmis</span> <span class='ocrx_word' id='word_1_21' title='bbox 947 523 1092 574; x_wconf 87' lang='lat' dir='ltr'>ludat</span> <span class='ocrx_word' id='word_1_22' title='bbox 1117 521 1178 573; x_wconf 86' lang='lat' dir='ltr'>in</span> <span class='ocrx_word' id='word_1_23' title='bbox 1203 516 1459 571; x_wconf 83' lang='lat' dir='ltr'>articulis.</span> 
     </span>
    </p>

    <p class='ocr_par' dir='ltr' id='par_1_4' title="bbox 287 596 1579 764">
     <span class='ocr_line' id='line_1_5' title="bbox 287 596 1553 677; baseline -0.001 -26"><span class='ocrx_word' id='word_1_24' title='bbox 287 596 415 652; x_wconf 85' lang='lat' dir='ltr'>Dira</span> <span class='ocrx_word' id='word_1_25' title='bbox 444 603 559 657; x_wconf 85' lang='lat' dir='ltr'>lues</span> <span class='ocrx_word' id='word_1_26' title='bbox 589 605 769 673; x_wconf 85' lang='lat' dir='ltr'>paffim</span> <span class='ocrx_word' id='word_1_27' title='bbox 803 623 985 677; x_wconf 85' lang='lat' dir='ltr'>putres</span> <span class='ocrx_word' id='word_1_28' title='bbox 1021 605 1340 674; x_wconf 76' lang='lat' dir='ltr'>distorqueat</span> <span class='ocrx_word' id='word_1_29' title='bbox 1371 615 1513 654; x_wconf 84' lang='lat' dir='ltr'>artus</span> <span class='ocrx_word' id='word_1_30' title='bbox 1533 633 1553 662; x_wconf 81' lang='grc'><em>,</em></span> 
     </span>
     <span class='ocr_line' id='line_1_6' title="bbox 362 688 1579 764; baseline -0.001 -27"><span class='ocrx_word' id='word_1_31' title='bbox 362 688 553 743; x_wconf 76' lang='lat' dir='ltr'>Foedus</span> <span class='ocrx_word' id='word_1_32' title='bbox 580 706 641 744; x_wconf 87' lang='lat' dir='ltr'>ut</span> <span class='ocrx_word' id='word_1_33' title='bbox 675 694 942 747; x_wconf 84' lang='lat' dir='ltr'>absentem</span> <span class='ocrx_word' id='word_1_34' title='bbox 977 695 1206 764; x_wconf 83' lang='lat' dir='ltr'>prodere</span> <span class='ocrx_word' id='word_1_35' title='bbox 1234 688 1392 761; x_wconf 84' lang='lat' dir='ltr'>poffit</span> <span class='ocrx_word' id='word_1_36' title='bbox 1419 688 1579 739; x_wconf 82' lang='lat' dir='ltr'>odor.</span> 
     </span>
    </p>

    <p class='ocr_par' dir='ltr' id='par_1_5' title="bbox 289 767 1766 931">
     <span class='ocr_line' id='line_1_7' title="bbox 289 767 1766 841; baseline -0.001 -19"><span class='ocrx_word' id='word_1_37' title='bbox 289 769 472 840; x_wconf 86' lang='lat' dir='ltr'>Teque</span> <span class='ocrx_word' id='word_1_38' title='bbox 499 791 653 830; x_wconf 87' lang='lat' dir='ltr'>notet</span> <span class='ocrx_word' id='word_1_39' title='bbox 670 815 688 841; x_wconf 86' lang='lat'>,</span> <span class='ocrx_word' id='word_1_40' title='bbox 711 782 861 833; x_wconf 81' lang='lat' dir='ltr'>velut</span> <span class='ocrx_word' id='word_1_41' title='bbox 888 779 1123 833; x_wconf 80' lang='lat' dir='ltr'>invisum</span> <span class='ocrx_word' id='word_1_42' title='bbox 1148 778 1216 832; x_wconf 79' lang='lat' dir='ltr'>fis</span> <span class='ocrx_word' id='word_1_43' title='bbox 1241 790 1403 830; x_wconf 86' lang='lat' dir='ltr'>omen</span> <span class='ocrx_word' id='word_1_44' title='bbox 1418 811 1435 838; x_wconf 89' lang='lat'>,</span> <span class='ocrx_word' id='word_1_45' title='bbox 1465 767 1710 836; x_wconf 77' lang='lat' dir='ltr'>Aruspex</span> <span class='ocrx_word' id='word_1_46' title='bbox 1735 781 1766 823; x_wconf 66' lang='grc' dir='ltr'>,τ</span> 
     </span>
     <span class='ocr_line' id='line_1_8' title="bbox 365 859 1742 931; baseline -0.001 -21"><span class='ocrx_word' id='word_1_47' title='bbox 365 859 595 915; x_wconf 75' lang='lat' dir='ltr'>Hori-eat</span> <span class='ocrx_word' id='word_1_48' title='bbox 620 866 685 918; x_wconf 90' lang='lat' dir='ltr'>ad</span> <span class='ocrx_word' id='word_1_49' title='bbox 711 868 893 919; x_wconf 83' lang='lat' dir='ltr'>vultus</span> <span class='ocrx_word' id='word_1_50' title='bbox 923 865 1181 928; x_wconf 87' lang='lat' dir='ltr'>foemina,</span> <span class='ocrx_word' id='word_1_51' title='bbox 1210 863 1402 931; x_wconf 79' lang='lat' dir='ltr'>virque</span> <span class='ocrx_word' id='word_1_52' title='bbox 1431 873 1575 911; x_wconf 85' lang='lat' dir='ltr'>tuos.</span> <span class='ocrx_word' id='word_1_53' title='bbox 1673 892 1678 896; x_wconf 87' lang='lat'>-</span> <span class='ocrx_word' id='word_1_54' title='bbox 1733 880 1742 886; x_wconf 90' lang='lat'><strong>·</strong></span> 
     </span>
    </p>

    <p class='ocr_par' dir='ltr' id='par_1_6' title="bbox 287 944 1763 1023">
     <span class='ocr_line' id='line_1_9' title="bbox 287 944 1763 1023; baseline 0 -26"><span class='ocrx_word' id='word_1_55' title='bbox 287 944 402 998; x_wconf 83' lang='lat' dir='ltr'>Nec</span> <span class='ocrx_word' id='word_1_56' title='bbox 424 960 601 1002; x_wconf 84' lang='lat' dir='ltr'>tamen</span> <span class='ocrx_word' id='word_1_57' title='bbox 621 952 733 1006; x_wconf 82' lang='lat' dir='ltr'>haec</span> <span class='ocrx_word' id='word_1_58' title='bbox 750 954 1031 1023; x_wconf 35' lang='lat' dir='ltr'>⁸quisquam</span> <span class='ocrx_word' id='word_1_59' title='bbox 1056 950 1305 1005; x_wconf 83' lang='lat' dir='ltr'>medicari</span> <span class='ocrx_word' id='word_1_60' title='bbox 1325 950 1547 1001; x_wconf 73' lang='lat' dir='ltr'>vulnera</span> <span class='ocrx_word' id='word_1_61' title='bbox 1566 954 1718 998; x_wconf 79' lang='lat' dir='ltr'>curet</span> <span class='ocrx_word' id='word_1_62' title='bbox 1734 956 1763 1010; x_wconf 66' lang='grc' dir='ltr'>ξ</span> 
     </span>
    </p>

    <p class='ocr_par' dir='ltr' id='par_1_7' title="bbox 256 1031 1527 1108">
     <span class='ocr_line' id='line_1_10' title="bbox 256 1031 1527 1108; baseline 0 -24"><span class='ocrx_word' id='word_1_63' title='bbox 256 1092 263 1097; x_wconf 46' lang='grc'><strong>,</strong></span> <span class='ocrx_word' id='word_1_64' title='bbox 362 1031 478 1084; x_wconf 82' lang='lat' dir='ltr'>Nec</span> <span class='ocrx_word' id='word_1_65' title='bbox 508 1052 693 1091; x_wconf 81' lang='lat' dir='ltr'>manus</span> <span class='ocrx_word' id='word_1_66' title='bbox 724 1039 981 1093; x_wconf 85' lang='lat' dir='ltr'>auxilium</span> <span class='ocrx_word' id='word_1_67' title='bbox 1018 1038 1254 1108; x_wconf 83' lang='lat' dir='ltr'>porrigat</span> <span class='ocrx_word' id='word_1_68' title='bbox 1278 1037 1385 1088; x_wconf 85' lang='lat' dir='ltr'>ulla</span> <span class='ocrx_word' id='word_1_69' title='bbox 1409 1033 1527 1085; x_wconf 82' lang='lat' dir='ltr'>tibi·</span> 
     </span>
    </p>

    <p class='ocr_par' dir='ltr' id='par_1_8' title="bbox 287 1115 1648 1278">
     <span class='ocr_line' id='line_1_11' title="bbox 287 1115 1648 1194; baseline -0.01 -12"><span class='ocrx_word' id='word_1_70' title='bbox 287 1115 370 1176; x_wconf 80' lang='lat' dir='ltr'>‚Te</span> <span class='ocrx_word' id='word_1_71' title='bbox 397 1120 580 1187; x_wconf 75' lang='lat' dir='ltr'>potius</span> <span class='ocrx_word' id='word_1_72' title='bbox 610 1124 785 1177; x_wconf 87' lang='lat' dir='ltr'>ridens</span> <span class='ocrx_word' id='word_1_73' title='bbox 807 1125 937 1183; x_wconf 86' lang='lat' dir='ltr'>hinc</span> <span class='ocrx_word' id='word_1_74' title='bbox 966 1125 1195 1194; x_wconf 84' lang='lat' dir='ltr'>indeque</span> <span class='ocrx_word' id='word_1_75' title='bbox 1218 1122 1368 1175; x_wconf 83' lang='lat' dir='ltr'>rurba</span> <span class='ocrx_word' id='word_1_76' title='bbox 1390 1119 1648 1185; x_wconf 80' lang='lat' dir='ltr'>iacentem</span> 
     </span>
     <span class='ocr_line' id='line_1_12' title="bbox 367 1203 1471 1278; baseline 0.004 -22"><span class='ocrx_word' id='word_1_77' title='bbox 367 1203 593 1273; x_wconf 83' lang='lat' dir='ltr'>Oderit,</span> <span class='ocrx_word' id='word_1_78' title='bbox 625 1209 860 1264; x_wconf 84' lang='lat' dir='ltr'>invisum</span> <span class='ocrx_word' id='word_1_79' title='bbox 891 1212 1264 1278; x_wconf 82' lang='lat' dir='ltr'>devoveatque</span> <span class='ocrx_word' id='word_1_80' title='bbox 1291 1220 1471 1274; x_wconf 83' lang='lat' dir='ltr'>caput.</span> 
     </span>
    </p>

    <p class='ocr_par' dir='ltr' id='par_1_9' title="bbox 256 1288 1821 1450">
     <span class='ocr_line' id='line_1_13' title="bbox 256 1288 1821 1370; baseline -0.001 -27"><span class='ocrx_word' id='word_1_81' title='bbox 256 1330 273 1370; x_wconf 15' lang='lat'>1,-</span> <span class='ocrx_word' id='word_1_82' title='bbox 288 1289 469 1360; x_wconf 81' lang='lat' dir='ltr'>&#39;Atque</span> <span class='ocrx_word' id='word_1_83' title='bbox 488 1294 561 1346; x_wconf 85' lang='lat' dir='ltr'>ita</span> <span class='ocrx_word' id='word_1_84' title='bbox 583 1310 667 1349; x_wconf 87' lang='lat' dir='ltr'>ter.</span> <span class='ocrx_word' id='word_1_85' title='bbox 681 1311 896 1350; x_wconf 85' lang='lat' dir='ltr'>centum</span> <span class='ocrx_word' id='word_1_86' title='bbox 916 1313 1038 1349; x_wconf 85' lang='lat' dir='ltr'>cum</span> <span class='ocrx_word' id='word_1_87' title='bbox 1047 1297 1265 1353; x_wconf 68' lang='lat' dir='ltr'>tandem</span> <span class='ocrx_word' id='word_1_88' title='bbox 1287 1288 1596 1359; x_wconf 78' lang='lat' dir='ltr'>impleveris</span> <span class='ocrx_word' id='word_1_89' title='bbox 1608 1304 1785 1343; x_wconf 81' lang='lat' dir='ltr'>annos</span> <span class='ocrx_word' id='word_1_90' title='bbox 1794 1319 1821 1358; x_wconf 62' lang='lat'><em>2</em></span> 
     </span>
     <span class='ocr_line' id='line_1_14' title="bbox 368 1379 1473 1450; baseline 0 -20"><span class='ocrx_word' id='word_1_91' title='bbox 368 1379 533 1431; x_wconf 85' lang='lat' dir='ltr'>Cedat</span> <span class='ocrx_word' id='word_1_92' title='bbox 553 1381 616 1432; x_wconf 88' lang='lat' dir='ltr'>ab</span> <span class='ocrx_word' id='word_1_93' title='bbox 652 1381 839 1435; x_wconf 82' lang='lat' dir='ltr'>infami</span> <span class='ocrx_word' id='word_1_94' title='bbox 869 1399 1095 1450; x_wconf 86' lang='lat' dir='ltr'>corpore</span> <span class='ocrx_word' id='word_1_95' title='bbox 1126 1381 1239 1435; x_wconf 84' lang='lat' dir='ltr'>vita</span> <span class='ocrx_word' id='word_1_96' title='bbox 1265 1380 1473 1448; x_wconf 84' lang='lat' dir='ltr'>procul.</span> 
     </span>
    </p>

    <p class='ocr_par' dir='ltr' id='par_1_10' title="bbox 291 1459 1817 1606">
     <span class='ocr_line' id='line_1_15' title="bbox 291 1459 1817 1536; baseline -0.001 -19"><span class='ocrx_word' id='word_1_97' title='bbox 291 1459 441 1517; x_wconf 77' lang='lat' dir='ltr'>Silva</span> <span class='ocrx_word' id='word_1_98' title='bbox 454 1482 644 1536; x_wconf 87' lang='lat' dir='ltr'>rogum</span> <span class='ocrx_word' id='word_1_99' title='bbox 668 1467 904 1521; x_wconf 85' lang='lat' dir='ltr'>invideat</span> <span class='ocrx_word' id='word_1_100' title='bbox 919 1506 935 1532; x_wconf 86' lang='lat'>‚</span> <span class='ocrx_word' id='word_1_101' title='bbox 951 1484 1051 1520; x_wconf 88' lang='lat' dir='ltr'>nec</span> <span class='ocrx_word' id='word_1_102' title='bbox 1072 1469 1160 1519; x_wconf 88' lang='lat' dir='ltr'>det</span> <span class='ocrx_word' id='word_1_103' title='bbox 1181 1465 1280 1518; x_wconf 86' lang='lat' dir='ltr'>tibi</span> <span class='ocrx_word' id='word_1_104' title='bbox 1298 1479 1436 1517; x_wconf 85' lang='lat' dir='ltr'>terra</span> <span class='ocrx_word' id='word_1_105' title='bbox 1454 1463 1817 1533; x_wconf 71' lang='lat' dir='ltr'>sepulchrum,</span> 
     </span>
     <span class='ocr_line' id='line_1_16' title="bbox 365 1549 1396 1606; baseline 0.002 -4"><span class='ocrx_word' id='word_1_106' title='bbox 365 1551 658 1604; x_wconf 82' lang='lat' dir='ltr'>Funeribus</span> <span class='ocrx_word' id='word_1_107' title='bbox 693 1554 858 1606; x_wconf 88' lang='lat' dir='ltr'>defint</span> <span class='ocrx_word' id='word_1_108' title='bbox 886 1552 1076 1606; x_wconf 85' lang='lat' dir='ltr'>ultima</span> <span class='ocrx_word' id='word_1_109' title='bbox 1107 1563 1240 1605; x_wconf 83' lang='lat' dir='ltr'>vota</span> <span class='ocrx_word' id='word_1_110' title='bbox 1269 1549 1396 1604; x_wconf 83' lang='lat' dir='ltr'>tuis.</span> 
     </span>
    </p>

    <p class='ocr_par' dir='ltr' id='par_1_11' title="bbox 289 1632 1755 1792">
     <span class='ocr_line' id='line_1_17' title="bbox 289 1632 1755 1713; baseline -0.001 -27"><span class='ocrx_word' id='word_1_111' title='bbox 289 1632 508 1713; x_wconf 71' lang='lat' dir='ltr'>Inferias</span> <span class='ocrx_word' id='word_1_112' title='bbox 539 1646 791 1705; x_wconf 82' lang='lat' dir='ltr'>peragant</span> <span class='ocrx_word' id='word_1_113' title='bbox 826 1639 1119 1706; x_wconf 83' lang='lat' dir='ltr'>vulpesque</span> <span class='ocrx_word' id='word_1_114' title='bbox 1138 1675 1153 1700; x_wconf 84' lang='lat'>,</span> <span class='ocrx_word' id='word_1_115' title='bbox 1182 1638 1465 1705; x_wconf 85' lang='lat' dir='ltr'>canesque,</span> <span class='ocrx_word' id='word_1_116' title='bbox 1493 1632 1755 1704; x_wconf 56' lang='lat' dir='ltr'>lupique5</span> 
     </span>
     <span class='ocr_line' id='line_1_18' title="bbox 366 1719 1499 1792; baseline 0.003 -22"><span class='ocrx_word' id='word_1_117' title='bbox 366 1720 432 1770; x_wconf 86' lang='lat' dir='ltr'>Et</span> <span class='ocrx_word' id='word_1_118' title='bbox 461 1720 500 1771; x_wconf 82' lang='lat' dir='ltr'>fi</span> <span class='ocrx_word' id='word_1_119' title='bbox 530 1737 633 1788; x_wconf 88' lang='lat' dir='ltr'>qua</span> <span class='ocrx_word' id='word_1_120' title='bbox 652 1720 821 1774; x_wconf 84' lang='lat' dir='ltr'>effuso</span> <span class='ocrx_word' id='word_1_121' title='bbox 854 1722 1109 1792; x_wconf 82' lang='lat' dir='ltr'>sanguine</span> <span class='ocrx_word' id='word_1_122' title='bbox 1136 1725 1327 1792; x_wconf 86' lang='lat' dir='ltr'>gaudet</span> <span class='ocrx_word' id='word_1_123' title='bbox 1362 1719 1499 1774; x_wconf 78' lang='lat' dir='ltr'>avis·</span> 
     </span>
    </p>

    <p class='ocr_par' dir='ltr' id='par_1_12' title="bbox 287 1799 1458 1874">
     <span class='ocr_line' id='line_1_19' title="bbox 287 1799 1458 1874; baseline 0 -14"><span class='ocrx_word' id='word_1_124' title='bbox 287 1805 501 1866; x_wconf 83' lang='lat' dir='ltr'>Interea</span> <span class='ocrx_word' id='word_1_125' title='bbox 525 1807 730 1862; x_wconf 82' lang='lat' dir='ltr'>invisos</span> <span class='ocrx_word' id='word_1_126' title='bbox 762 1807 939 1874; x_wconf 80' lang='lat' dir='ltr'>iubeat</span> <span class='ocrx_word' id='word_1_127' title='bbox 969 1808 1235 1863; x_wconf 79' lang='lat' dir='ltr'>discedere</span> <span class='ocrx_word' id='word_1_128' title='bbox 1266 1799 1458 1863; x_wconf 75' lang='lat' dir='ltr'>Manes&#39;</span> 
     </span>
    </p>

    <p class='ocr_par' dir='ltr' id='par_1_13' title="bbox 292 1892 1600 1965">
     <span class='ocr_line' id='line_1_20' title="bbox 292 1892 1600 1965; baseline 0.002 -19"><span class='ocrx_word' id='word_1_129' title='bbox 292 1949 297 1954; x_wconf 61' lang='grc'><strong>,</strong></span> <span class='ocrx_word' id='word_1_130' title='bbox 371 1892 607 1946; x_wconf 84' lang='lat' dir='ltr'>Portitor</span> <span class='ocrx_word' id='word_1_131' title='bbox 625 1933 641 1958; x_wconf 90' lang='lat'>‚</span> <span class='ocrx_word' id='word_1_132' title='bbox 670 1895 724 1947; x_wconf 86' lang='lat'>&amp;</span> <span class='ocrx_word' id='word_1_133' title='bbox 756 1894 968 1965; x_wconf 83' lang='lat' dir='ltr'>Stygias</span> <span class='ocrx_word' id='word_1_134' title='bbox 992 1911 1207 1964; x_wconf 87' lang='lat' dir='ltr'>tangere</span> <span class='ocrx_word' id='word_1_135' title='bbox 1236 1895 1376 1948; x_wconf 86' lang='lat' dir='ltr'>nolit</span> <span class='ocrx_word' id='word_1_136' title='bbox 1410 1900 1600 1963; x_wconf 67' lang='lat' dir='ltr'>aquas-³</span> 
     </span>
    </p>

    <p class='ocr_par' dir='ltr' id='par_1_14' title="bbox 290 1979 1447 2136">
     <span class='ocr_line' id='line_1_21' title="bbox 290 1979 1424 2037; baseline -0.004 0"><span class='ocrx_word' id='word_1_137' title='bbox 290 1979 366 2037; x_wconf 62' lang='lat' dir='ltr'>{At</span> <span class='ocrx_word' id='word_1_138' title='bbox 391 1993 452 2032; x_wconf 86' lang='lat' dir='ltr'>tu</span> <span class='ocrx_word' id='word_1_139' title='bbox 478 1980 920 2035; x_wconf 81' lang='lat' dir='ltr'>deserto&#39;studeas</span> <span class='ocrx_word' id='word_1_140' title='bbox 949 1981 1009 2034; x_wconf 84' lang='lat' dir='ltr'>in</span> <span class='ocrx_word' id='word_1_141' title='bbox 1046 1981 1207 2035; x_wconf 87' lang='lat' dir='ltr'>litore</span> <span class='ocrx_word' id='word_1_142' title='bbox 1237 1979 1424 2033; x_wconf 83' lang='lat' dir='ltr'>moesta</span> 
     </span>
     <span class='ocr_line' id='line_1_22' title="bbox 367 2066 1447 2136; baseline -0.001 -19"><span class='ocrx_word' id='word_1_143' title='bbox 367 2066 639 2120; x_wconf 83' lang='lat' dir='ltr'>Infernum</span> <span class='ocrx_word' id='word_1_144' title='bbox 662 2068 909 2136; x_wconf 86' lang='lat' dir='ltr'>precibus</span> <span class='ocrx_word' id='word_1_145' title='bbox 940 2066 1207 2120; x_wconf 72' lang='lat' dir='ltr'>solicitat-e</span> <span class='ocrx_word' id='word_1_146' title='bbox 1230 2066 1261 2121; x_wconf 88' lang='lat' dir='ltr'>J</span> <span class='ocrx_word' id='word_1_147' title='bbox 1264 2081 1447 2119; x_wconf 79' lang='lat' dir='ltr'>ovem.</span> 
     </span>
    </p>

    <p class='ocr_par' dir='ltr' id='par_1_15' title="bbox 295 2148 1789 2304">
     <span class='ocr_line' id='line_1_23' title="bbox 295 2148 1789 2224; baseline -0.002 -16"><span class='ocrx_word' id='word_1_148' title='bbox 295 2154 470 2223; x_wconf 73' lang='lat' dir='ltr'>Atque</span> <span class='ocrx_word' id='word_1_149' title='bbox 494 2153 566 2207; x_wconf 88' lang='lat' dir='ltr'>ita</span> <span class='ocrx_word' id='word_1_150' title='bbox 587 2154 837 2209; x_wconf 79' lang='lat' dir='ltr'>millenos</span> <span class='ocrx_word' id='word_1_151' title='bbox 855 2170 976 2209; x_wconf 85' lang='lat' dir='ltr'>cum</span> <span class='ocrx_word' id='word_1_152' title='bbox 999 2154 1209 2206; x_wconf 85' lang='lat' dir='ltr'>tandem</span> <span class='ocrx_word' id='word_1_153' title='bbox 1233 2148 1542 2220; x_wconf 82' lang='lat' dir='ltr'>impleveris</span> <span class='ocrx_word' id='word_1_154' title='bbox 1566 2167 1740 2205; x_wconf 84' lang='lat' dir='ltr'>annos</span> <span class='ocrx_word' id='word_1_155' title='bbox 1765 2187 1789 2224; x_wconf 57' lang='lat'><em>2</em></span> 
     </span>
     <span class='ocr_line' id='line_1_24' title="bbox 370 2235 1550 2304; baseline -0.011 -9"><span class='ocrx_word' id='word_1_156' title='bbox 370 2241 452 2296; x_wconf 85' lang='lat' dir='ltr'>Sis</span> <span class='ocrx_word' id='word_1_157' title='bbox 482 2244 692 2294; x_wconf 85' lang='lat' dir='ltr'>tandem</span> <span class='ocrx_word' id='word_1_158' title='bbox 716 2242 887 2295; x_wconf 85' lang='lat' dir='ltr'>Furiis</span> <span class='ocrx_word' id='word_1_159' title='bbox 913 2239 1090 2293; x_wconf 80' lang='lat' dir='ltr'>addita</span> <span class='ocrx_word' id='word_1_160' title='bbox 1121 2250 1304 2304; x_wconf 85' lang='lat' dir='ltr'>quarta</span> <span class='ocrx_word' id='word_1_161' title='bbox 1335 2235 1550 2287; x_wconf 55' lang='lat' dir='ltr'>tribus„</span> 
     </span>
    </p>

    <p class='ocr_par' dir='ltr' id='par_1_16' title="bbox 295 2322 1594 2483">
     <span class='ocr_line' id='line_1_25' title="bbox 295 2322 1594 2392; baseline -0.01 -8"><span class='ocrx_word' id='word_1_162' title='bbox 295 2326 422 2384; x_wconf 84' lang='lat' dir='ltr'>Hoc</span> <span class='ocrx_word' id='word_1_163' title='bbox 449 2327 605 2381; x_wconf 84' lang='lat' dir='ltr'>facite</span> <span class='ocrx_word' id='word_1_164' title='bbox 627 2367 643 2392; x_wconf 82' lang='lat'>‚</span> <span class='ocrx_word' id='word_1_165' title='bbox 680 2327 715 2381; x_wconf 84' lang='grc' dir='ltr'><strong><em>ὃ</em></strong></span> <span class='ocrx_word' id='word_1_166' title='bbox 748 2326 885 2380; x_wconf 81' lang='lat' dir='ltr'>Divi</span> <span class='ocrx_word' id='word_1_167' title='bbox 907 2364 924 2391; x_wconf 89' lang='lat'>,</span> <span class='ocrx_word' id='word_1_168' title='bbox 959 2323 1000 2376; x_wconf 83' lang='lat' dir='ltr'><strong>fi</strong></span> <span class='ocrx_word' id='word_1_169' title='bbox 1033 2322 1179 2376; x_wconf 78' lang='lat' dir='ltr'>castae</span> <span class='ocrx_word' id='word_1_170' title='bbox 1209 2334 1341 2374; x_wconf 84' lang='lat' dir='ltr'>vota</span> <span class='ocrx_word' id='word_1_171' title='bbox 1364 2322 1553 2390; x_wconf 79' lang='lat' dir='ltr'>puellae</span> <span class='ocrx_word' id='word_1_172' title='bbox 1575 2358 1594 2387; x_wconf 79' lang='lat'>‚</span> 
     </span>
     <span class='ocr_line' id='line_1_26' title="bbox 371 2407 1380 2483; baseline -0.005 -16"><span class='ocrx_word' id='word_1_173' title='bbox 371 2414 430 2467; x_wconf 87' lang='lat' dir='ltr'>Si</span> <span class='ocrx_word' id='word_1_174' title='bbox 456 2412 667 2483; x_wconf 77' lang='lat' dir='ltr'>pofi‘unt</span> <span class='ocrx_word' id='word_1_175' title='bbox 702 2412 824 2465; x_wconf 86' lang='lat' dir='ltr'>casti</span> <span class='ocrx_word' id='word_1_176' title='bbox 854 2424 990 2465; x_wconf 82' lang='lat' dir='ltr'>vota</span> <span class='ocrx_word' id='word_1_177' title='bbox 1022 2412 1201 2463; x_wconf 85' lang='lat' dir='ltr'>valere</span> <span class='ocrx_word' id='word_1_178' title='bbox 1233 2407 1380 2462; x_wconf 81' lang='lat' dir='ltr'>viri:</span> 
     </span>
    </p>

    <p class='ocr_par' dir='ltr' id='par_1_17' title="bbox 298 2493 1663 2657">
     <span class='ocr_line' id='line_1_27' title="bbox 298 2493 1622 2567; baseline -0.006 -13"><span class='ocrx_word' id='word_1_179' title='bbox 298 2498 472 2567; x_wconf 51' lang='lat' dir='ltr'>Huiua⁸</span> <span class='ocrx_word' id='word_1_180' title='bbox 506 2513 565 2552; x_wconf 89' lang='lat' dir='ltr'>ut</span> <span class='ocrx_word' id='word_1_181' title='bbox 596 2498 847 2563; x_wconf 85' lang='lat' dir='ltr'>exemplo</span> <span class='ocrx_word' id='word_1_182' title='bbox 875 2495 1120 2550; x_wconf 82' lang='lat' dir='ltr'>venerari</span> <span class='ocrx_word' id='word_1_183' title='bbox 1153 2493 1586 2547; x_wconf 65' lang='lat' dir='ltr'>discat‘Amorem</span> <span class='ocrx_word' id='word_1_184' title='bbox 1602 2530 1622 2558; x_wconf 85' lang='lat'>‚</span> 
     </span>
     <span class='ocr_line' id='line_1_28' title="bbox 373 2576 1663 2657; baseline -0.001 -19"><span class='ocrx_word' id='word_1_185' title='bbox 373 2585 509 2657; x_wconf 73' lang='lat' dir='ltr'>Qua.-</span> <span class='ocrx_word' id='word_1_186' title='bbox 532 2584 787 2654; x_wconf 80' lang='lat' dir='ltr'>juvenum</span> <span class='ocrx_word' id='word_1_187' title='bbox 819 2577 1050 2636; x_wconf 78' lang='lat' dir='ltr'>flammis</span> <span class='ocrx_word' id='word_1_188' title='bbox 1081 2576 1263 2637; x_wconf 81' lang='lat' dir='ltr'>invida</span> <span class='ocrx_word' id='word_1_189' title='bbox 1294 2582 1444 2635; x_wconf 82' lang='lat' dir='ltr'>turba</span> <span class='ocrx_word' id='word_1_190' title='bbox 1478 2593 1663 2637; x_wconf 74' lang='lat' dir='ltr'>nocet·</span> 
     </span>
    </p>
   </div>
   <div class='ocr_carea' id='block_1_3' title="bbox 1957 584 1964 2424">
    <p class='ocr_par' dir='ltr' id='par_1_18' title="bbox 1957 584 1964 2424">
     <span class='ocr_line' id='line_1_29' title="bbox 1957 584 1964 2424; baseline 0 0"><span class='ocrx_word' id='word_1_191' title='bbox 1957 584 1964 2424; x_wconf 95' lang='lat' dir='ltr'> </span> 
     </span>
    </p>
   </div>
  </div>
 </body>
</html>
