1964 3638
343 227 486 301 232
684 206 1551 279 LSEchnt

353 330 360 340 ·
416 330 462 368 η·
485 316 709 389 Ingenio
731 317 899 371 vivax
919 318 1095 389 surget
1116 316 1173 369 in
1195 315 1320 369 astra
1339 328 1436 366 tuo
1461 347 1481 373 .

339 414 373 461 lt
409 403 741 473 Castalioque
763 403 861 458 tibi
883 420 1137 473 promens
1160 416 1402 472 argentea
1421 399 1597 451 fonte

416 516 447 541 η
488 491 684 545 Pocula
701 527 718 554 ,
738 489 974 544 formosa
994 487 1232 559 porriget
1256 487 1364 554 ipsa
1385 499 1586 536 manu.

340 594 375 627 n
412 577 561 630 Illius
585 593 616 630 e
635 575 790 630 claris
811 593 897 630 me
919 576 1058 645 saepe
1079 572 1309 642 stupebis
1336 569 1538 624 ocellis
1559 605 1581 632 ‚

411 683 442 709 ’ν
481 663 796 715 vibrantem
820 664 1056 716 occultas
1087 660 1146 713 in
1176 675 1265 713 tua
1289 658 1451 712 corda
1474 655 1626 708 faces
1642 653 1670 711 ἱ

340 766 374 798 n
409 746 619 817 Spicula
637 747 979 818 stringentem
998 746 1163 800 tacito
1185 742 1400 798 lethalia
1423 754 1618 794 nervo
1633 772 1654 802 ,

416 855 448 882 ’v
484 835 561 887 Ut
587 834 739 888 venit
761 834 947 906 ignota
964 832 1206 887 fulminis
1228 830 1314 888 ira
1326 828 1442 883 via.

338 939 372 969 n
409 920 575 973 Parve
596 919 739 987 quid,
755 920 879 984 heu,
893 916 1151 988 lacrymis
1171 912 1394 970 infantia
1407 908 1622 965 lumina
1639 912 1850 975 turgent,

413 1025 447 1052 n
483 1005 548 1056 Et
570 1003 811 1071 concufl‘a
840 1019 1070 1059 tremens
1091 1004 1284 1056 hortor
1301 999 1359 1052 in
1379 1014 1482 1052 ora
1502 993 1665 1049 venit
1683 993 1705 1045 ἓ

346 1099 380 1142 ἰν
414 1091 653 1161 Tempus
673 1091 733 1143 in
750 1093 861 1145 haec
883 1092 1023 1144 aliud
1043 1129 1058 1154 ‚
1076 1106 1206 1158 puer
1219 1125 1235 1153 ,
1256 1090 1327 1140 o!
1351 1081 1651 1137 dulciffime
1665 1116 1680 1141 ‚
1699 1071 1851 1133 differ·

419 1204 451 1229 ι,
487 1181 627 1231 Cum
646 1178 743 1232 tibi
761 1192 845 1231 tot
862 1178 1028 1231 causae
1043 1210 1059 1240 ‚
1084 1191 1178 1229 cur
1198 1170 1522 1242 lacrymeris
1544 1207 1562 1232 ,
1581 1176 1764 1220 eruntz

343 1284 378 1314 π
413 1265 635 1332 Quotve
651 1265 744 1318 sub
763 1263 1033 1318 arboribus
1048 1301 1063 1326 ,
1087 1261 1275 1332 primis
1295 1255 1647 1328 aquilonibus
1666 1246 1802 1309 anni·

417 1373 449 1400 ’t
486 1353 667 1406 Flavet
685 1350 921 1405 deciduis
943 1349 1103 1403 tristis
1125 1363 1247 1418 ager
1271 1344 1422 1400 foliis
1444 1361 1466 1404 ε

344 1440 636 1506 „Quotve
657 1456 753 1509 pet·
771 1441 1014 1494 excultos
1033 1438 1258 1498 hortos,
1281 1433 1339 1486 in
1360 1448 1500 1486 vere
1525 1421 1725 1481 rubenti
1742 1457 1761 1486 ο

418 1525 746 1579 ”Decuffis
740 1526 992 1596 zephyro
1018 1521 1237 1577 floribus
1268 1521 1408 1573 albet
1429 1518 1654 1570 humus·

342 1630 378 1661 ov
416 1614 517 1664 Sed
540 1626 647 1666 tam
670 1611 749 1664 nil
770 1612 987 1674 durum,
1010 1610 1156 1679 quod
1176 1623 1287 1660 non
1307 1601 1597 1659 tolerantia
1617 1595 1806 1655 vincat,

437 1697 553 1748 Ει
575 1712 823 1765 magnum
844 1693 1052 1746 affliffis
1075 1693 1339 1746 mentibus
1366 1687 1667 1760 ingenium.

342 1791 380 1842 1„
412 1781 571 1837 Victa
601 1781 912 1850 soporatum
939 1779 1081 1834 dabit
1111 1780 1171 1833 in
1200 1793 1290 1832 tua
1312 1774 1534 1830 brachia
1561 1771 1777 1828 conum,

415 1892 451 1920 t
490 1868 748 1938 Collaque
770 1866 1044 1937 languenti
1064 1865 1242 1936 cinget
1262 1877 1435 1917 amata
1448 1876 1651 1918 manu3

344 1973 378 2009 ιι
416 1955 749 2023 Osculaque,
775 1953 827 2006 δι
846 1952 1104 2021 quidquid
1119 1950 1346 2020 superest
1362 1948 1485 2018 post
1506 1946 1680 2003 oscula
1697 1937 1837 1995 dulce

420 2062 450 2088 n
486 2036 779 2092 Nostibus
764 2054 823 2090 ιιι
841 2038 1024 2108 longis
1045 2034 1380 2091 continuabit
1402 2049 1611 2088 amans·

346 2140 380 2184 ἰι
415 2126 561 2196 Ergo
577 2123 808 2191 jucundo
829 2122 1039 2193 patiens
1062 2122 1232 2177 infiste
1253 2120 1461 2185 labori,

422 2239 453 2265 ”
489 2214 603 2267 Nec
631 2211 841 2266 malus
825 2228 885 2265 ιιι
921 2225 1086 2281 portu
1110 2209 1286 2263 desere
1315 2222 1479 2262 nauta
1511 2217 1699 2261 ratem}

348 2310 381 2353 'n
416 2296 809 2368 Vulnificisque
835 2296 1077 2352 emiffum
1104 2294 1274 2349 oculis
1304 2293 1521 2348 haurire
1548 2294 1816 2345 venenum·

422 2412 453 2437 n
492 2386 835 2455 Alternasque
862 2383 1034 2438 oculis
1065 2382 1202 2436 disce
1229 2397 1453 2435 movere
1474 2381 1636 2434 faces.

340 2496 374 2527 n
413 2472 581 2526 ‘Disce
606 2473 820 2542 gradum
845 2469 1034 2523 mediis
1057 2467 1359 2536 suspensum
1378 2468 1518 2522 ferre
1538 2456 1777 2520 tenebris»

422 2582 454 2609 ‚2
492 2558 556 2611 Et
580 2574 675 2627 per
693 2554 905 2610 dilestas
934 2554 1046 2613 ire,
1072 2553 1244 2608 redire
1273 2553 1392 2605 vias
1414 2571 1435 2613 ·‚

342 2651 380 2693 ἰν
416 2644 480 2696 Et
497 2642 702 2714 rigidos
724 2640 920 2694 cithara
938 2637 1116 2708 postes
1138 2637 1350 2692 mollire
1370 2654 1466 2707 pet·
1486 2637 1713 2692 umbram
1726 2664 1744 2694 ο

420 2749 453 2778 2·
488 2729 742 2799 Sertaque
765 2724 988 2780 cantatis
1008 2724 1193 2778 addere
1210 2723 1508 2779 cardinibus
1531 2761 1550 2789 ,

332 2828 380 2873 m
415 2815 562 2886 Dum
582 2812 839 2870 nostutna
858 2808 960 2865 tibi
982 2808 1283 2867 demulserit
1304 2825 1428 2867 aura
1444 2811 1668 2864 calorem
1682 2837 1699 2870 2
