1964 3638
431 153 567 249 136
885 158 1482 226 MURETI

416 266 494 320 Ut
523 263 787 336 quondam
817 264 1030 332 juvenis
1058 274 1167 323 telo
1198 269 1469 339 percuffus
1501 268 1702 328 eodem,

490 354 617 418 Quo
648 370 748 407 nos
771 393 787 418 ,
811 354 1000 408 affidue
1027 356 1263 409 carmina
1295 355 1471 408 nostra
1492 358 1648 425 legat,

407 439 784 512 ,Agnoscatque
809 442 931 517 suos
963 442 1157 495 nostris
1186 445 1245 495 in
1275 442 1512 496 verfibus
1538 441 1709 509 ignes.·

412 515 415 518 ¹
482 526 849 597 Reddaturque
875 527 1009 581 meis
1037 529 1245 581 cautior
1275 528 1395 597 ipse
1434 526 1604 580 malis.

410 607 497 663 Tu
526 611 610 663 cui
640 612 930 681 fatipotens
955 630 1122 667 artem
1162 614 1420 667 conceffit
1451 612 1686 680 Apolloi

479 699 799 753 Morborum
826 702 954 769 pelli
993 719 1095 771 qua
1124 719 1292 771 genus
1331 689 1499 753 ornne
1525 701 1709 767 queat3

406 783 570 854 Perge
598 786 862 840 salutifera
896 787 1104 840 miseris
1138 789 1447 840 succurrere
1477 787 1678 843 dextra,

477 871 765 941 Regnaque
781 874 1143 943 Persephones
1174 875 1255 927 fac
1287 872 1556 942 populosa
1581 869 1764 921 minus:

407 957 486 1009 Ut
510 958 605 1011 tibi
637 962 753 1013 laeta
780 963 903 1013 viro
940 975 1177 1030 gratetur
1203 960 1410 1029 sospite
1441 956 1667 1024 conjux·

480 1044 543 1094 Et
572 1060 708 1112 pene
742 1043 925 1096 amifl‘o
956 1047 1105 1097 turba
1129 1044 1337 1097 minuta
1378 1059 1567 1113 patre·‚
1649 1115 1652 1118 ‚

404 1129 483 1181 Ut
516 1144 568 1182 te
601 1130 735 1183 fama
771 1131 901 1183 ferat
927 1131 1270 1184 candentibus
1308 1147 1470 1183 aurea
1503 1123 1681 1198 pennis

478 1215 800 1285 Hippocrati
833 1217 954 1271 Coo
977 1257 994 1282 ‚
1018 1216 1439 1287 Phylliridaeque
1474 1230 1664 1283 parem.

399 1304 470 1355 At
501 1301 609 1355 fine
638 1321 729 1362 me,
749 1343 765 1367 ,
804 1306 893 1373 qui
916 1305 1040 1360 *sum
1077 1304 1335 1360 sestando.
1366 1319 1526 1358 natus
1562 1291 1763 1358 Amoris'

476 1390 622 1442 Inter
658 1389 993 1443 inexhaustas
1032 1390 1218 1443 vivere
1261 1390 1571 1461 nequitias:

402 1474 499 1527 Me
521 1476 781 1544 disperdat
804 1479 970 1529 Amor
994 1485 1012 1541 3
1032 1477 1239 1545 semper
1259 1495 1350 1530 me
1385 1487 1653 1547 torqueat,
1671 1470 1800 1536 'inque

479 1562 654 1614 Corde
689 1580 812 1615 meo
842 1563 1084 1617 accensas
1119 1564 1351 1618 ventilet
1385 1565 1551 1633 usque
1573 1561 1724 1615 faces:

402 1646 514 1712 Qui
536 1637 601 1698 -fi‘
617 1661 670 1699 te
698 1640 893 1714 pariter
915 1663 1063 1700 certo
1089 1650 1406 1704 concufferit
1443 1668 1563 1703 arcu
1583 1687 1598 1712 ‚

476 1731 580 1784 Hei
613 1732 745 1785 rnihi
769 1773 783 1797 ,
822 1749 954 1802 quot
984 1751 1135 1788 curas
1157 1738 1461 1805 perpetiere
1486 1734 1638 1788 miser
1664 1733 1676 1783 !

400 1817 552 1873 Tunc
581 1821 793 1873 tandem
828 1822 994 1874 disces
1014 1862 1030 1886 ,
1067 1823 1196 1892 quid
1232 1825 1295 1877 fit
1324 1823 1531 1878 servire
1568 1811 1768 1890 pue11is‚'

472 1909 625 1960 Tunc
663 1909 872 1960 tandem
893 1948 908 1971 ‚
940 1910 1153 1962 excludi
1190 1910 1316 1979 quid
1340 1912 1408 1964 fit
1427 1951 1443 1977 ‚
1479 1909 1665 1967 amice,
1693 1899 1810 1952 sci&-

391 1993 489 2048 Nil
527 1994 624 2047 tibi
657 1994 981 2062 multiplices
1014 1997 1335 2065 cognoscere
1372 1993 1609 2066 proderit
1636 1986 1818 2042 herbas,

412 2148 417 2157 .
471 2082 628 2133 Hunc
660 2081 859 2133 etenim
892 2084 1136 2133 morbum
1163 2083 1445 2150 pharmaca
1469 2082 1608 2134 nulla
1638 2075 1805 2139 iuvant·

407 2166 626 2237 Quippe
656 2167 817 2219 etiam
849 2167 1109 2220 Phoebum
1145 2167 1305 2236 virgo
1340 2168 1533 2221 Peneia
1570 2159 1735 2220 torfit‚

468 2254 675 2308 Profuit
708 2252 910 2306 auetori
941 2269 1039 2305 nec
1074 2253 1333 2305 medicina
1363 2255 1482 2307 suo.

401 2341 459 2394 Ο
485 2344 496 2395 !
523 2358 678 2410 quam
701 2341 837 2408 saepe
862 2339 994 2392 mihi
1014 2378 1030 2403 ‚
1052 2341 1296 2402 mallem,
1320 2340 1575 2392 cariffime
1591 2371 1607 2398 ,
1626 2330 1778 2388 diceb

468 2428 531 2480 In
551 2426 737 2498 gelidis
762 2425 993 2494 Scythia
1019 2424 1291 2477 montibus
1315 2424 1419 2478 effe
1441 2426 1598 2493 lapis.

393 2514 528 2570 Haec
542 2514 671 2576 te,&
681 2513 829 2581 plura
840 2524 1073 2562 manent:
1086 2509 1176 2561 sed
1190 2527 1305 2579 quae
1320 2527 1408 2565 tua
1422 2525 1625 2583 cunque
1634 2506 1782 2566 futura
1790 2488 1858 2547 ‘ff’

388 2650 396 2679 ,ς
470 2598 699 2670 Ingenio
718 2597 901 2653 saltem
923 2593 1084 2668 digna
1106 2594 1171 2649 fit
1191 2595 1285 2653 illa
1306 2610 1425 2658 tuo.
