1964 3638
340 192 1231 259 EPIGRAMMATA.
1422 205 1545 256 101

144 300 245 354 Mi
276 317 389 370 pes
405 340 421 367 ‚
455 303 610 354 redde
644 300 781 354 mihi
807 317 959 353 meos
986 314 1220 353 amores.

143 388 355 441 Emm
389 387 537 441 mille
577 388 714 452 tibi,
741 389 916 441 hercle
940 426 958 450 ‚
989 385 1332 456 margaritasg

146 477 492 545 Smaragdos
520 474 785 544 totidem,
818 487 878 526 ut
912 473 1163 543 superbus
1191 469 1304 525 istis

141 539 251 614 Ea}
295 561 521 632 divitiis
552 580 569 614 ε
598 562 731 614 dabo
765 561 1056 630 phaleucos

149 647 272 714 Qui
296 663 359 722 te
391 647 456 699 in
485 646 617 701 astra
642 648 840 714 ferant,
868 647 959 700 ubi
992 642 1232 699 sublimis

144 732 303 786 Inter
333 731 572 787 fidereos
600 732 818 786 micabis
847 733 1019 805 ignes.

144 818 250 871 Sin
278 817 470 872 miuus
489 856 509 879 ,
547 818 690 884 (uec
715 819 860 873 enim
884 836 1052 890 genus
1087 816 1331 873 reliditur!

145 905 439 958 Vindicta
477 904 552 958 est
582 905 760 974 aliud)
793 906 894 960 tibi
921 923 1021 961 uec
1059 924 1226 960 uuum

152 990 365 1045 Pedem
389 1030 409 1057 ,
452 992 489 1045 ὃ
524 1009 618 1062 pes
640 1031 658 1055 ‚
691 992 931 1047 dederint
950 1011 1099 1064 ‘meae
1132 993 1413 1060 Camoenae.

287 1125 467 1189 AD
554 1125 1266 1208 QUANDAM.

31 1246 192 1314 Qualis
224 1267 407 1319 pruna
442 1250 582 1303 finus
619 1249 889 1324 contingit
913 1250 1051 1318 saepe
1088 1251 1350 1320 gemella,

80 1336 265 1402 Qualis
303 1338 549 1406 Apellaea
573 1336 717 1390 linea
751 1334 905 1388 duCia
934 1350 1134 1404 mauult

31 1420 139 1490 rale
168 1423 270 1476 tibi
314 1421 572 1492 quiddam
607 1425 798 1476 laevem
834 1420 1162 1475 discriminat
1195 1423 1411 1484 alvum3

81 1509 204 1562 Tale
244 1510 355 1563 tibi
397 1509 648 1578 quiddam
676 1507 851 1578 jungit
883 1521 1169 1576 utrumque
1198 1508 1393 1564 femur.

31 1594 180 1648 [mmo
195 1634 217 1655 ,
236 1597 406 1672 fallor
437 1612 537 1669 ego
561 1613 577 1648 ε
601 1610 724 1649 nam
746 1596 891 1647 nulla
913 1594 1003 1646 hic
1023 1594 1164 1648 linea
1183 1594 1397 1662 prorsus
1413 1631 1434 1662 ,

84 1682 248 1751 Inque
276 1679 442 1737 utero
469 1699 590 1751 pars
618 1681 692 1736 est
724 1681 869 1748 nulla
897 1681 1139 1750 pudenda
1178 1695 1295 1735 tuo.

31 1767 181 1822 Aurea
201 1786 442 1839 quanam
465 1768 627 1841 igitur
650 1768 967 1823 descendunt
993 1784 1141 1840 parte
1166 1769 1364 1825 fluenta
1384 1773 1412 1828 ἓ

81 1858 451 1931 Languidulus
480 1873 703 1926 quanam
733 1870 881 1924 parte
920 1855 1144 1937 quiescit
1171 1859 1368 1925 amor?
1393 1922 1400 1925 .

33 1941 188 1996 Hereo
207 1962 221 1997 z
245 1945 285 1997 fi
309 1960 421 2014 qua
440 1957 619 1995 tamen
635 1943 732 1994 tibi
750 1943 935 1994 rimula
954 1981 971 2006 ‚
992 1942 1180 1996 rimula
1199 1945 1238 1996 fi
1258 1961 1361 2015 qua
1380 1943 1454 1998 est
1471 1981 1491 2010 ,

88 2028 295 2083 Rimula
321 2034 347 2100 (
374 2030 710 2098 dispeream)
740 2027 798 2080 ni
823 2043 1224 2098 monogramma
1244 2045 1335 2084 tua
1354 2028 1448 2087 est.

356 2163 489 2224 IN
569 2161 1198 2224 GELLIAM.

291 2299 557 2355 Moechos
593 2296 764 2351 dicere
790 2314 927 2366 quos
957 2298 1185 2352 solemus
1204 2336 1221 2360 ,
1244 2300 1373 2355 illos

226 2387 458 2442 Mavult
488 2384 664 2440 Gellia
699 2382 845 2437 filios
884 2399 1117 2445 vocare,

219 2476 345 2528 Nec
379 2470 435 2524 id
460 2470 660 2537 judicio
692 2486 814 2522 meo
839 2467 1111 2537 imperite.

218 2562 372 2613 Nam
406 2557 449 2609 fi
478 2556 650 2610 dicere
686 2554 832 2608 filios
860 2555 1077 2607 suerunt

219 2645 434 2698 Matres
454 2681 469 2706 ,
501 2658 637 2712 quos
675 2641 882 2709 aliquot
913 2643 1083 2694 tulere
1107 2641 1313 2694 menses
1337 2661 1355 2696 t

170 2722 180 2739 ⁸
218 2729 386 2795 Quos
415 2729 599 2780 decem
624 2726 903 2778 minimum
933 2726 1060 2779 tulit
1090 2743 1186 2796 per
1215 2744 1381 2783 annos
1398 2765 1418 2796 ‚

223 2812 437 2884 Quidni
467 2811 647 2868 Gellia
680 2810 828 2867 filios
855 2812 1074 2868 vocabit
1092 2815 1117 2866 ἓ

1056 2898 1099 2951 E
1138 2896 1196 2962 iij
