1964 3638
316 194 423 304 38
748 205 943 279 ΤΗ.
1045 209 1431 297 BEzAE

710 422 1210 486 ELEGIA
1290 425 1450 488 IX.

325 505 462 630 Α
476 587 513 627 τ
532 589 712 644 pereat
733 594 1062 651 quaecunque
1083 598 1233 636 meas
1252 581 1567 652 extinguere
1585 579 1890 653 {immass-

400 662 535 727 Quae
557 675 611 716 te
634 680 841 735 cunque
860 667 995 720 mihi
1012 671 1202 723 tollere
1223 682 1393 722 tentat
1413 685 1543 721 anus
1569 671 1582 720 !

325 746 597 815 Improba,
612 753 1502 822 laeua,procax‚moecha‚invida‚dic
1515 767 1882 827 age,cmnam

405 833 547 889 Laedi
573 836 687 890 visa
711 855 831 892 mea
846 840 920 893 est
941 843 1099 914 digua
1120 846 1295 911 puella
1315 843 1412 896 tibi
1430 844 1457 896 ἔ

329 921 436 981 ,Vel
471 925 617 992 quod
651 940 760 979 tam
787 927 974 980 castam
1013 945 1125 982 non
1153 927 1308 999 postis
1340 929 1476 983 ferre
1503 928 1746 997 puellam
1771 964 1794 992 ,

404 1010 468 1063 Et
498 1010 597 1063 tibi
633 1025 743 1065 tam
765 1014 1008 1068 constans
1040 1031 1155 1067 non
1174 1017 1308 1069 bene
1346 1015 1568 1083 quadret
1590 1029 1774 1069 amor.

322 1091 434 1156 {Vel
471 1113 593 1149 cum
625 1100 766 1152 nulla
799 1114 979 1153 meum
1019 1103 1288 1154 turbarent
1324 1100 1494 1171 iurgia
1518 1098 1721 1153 lectum
1743 1137 1767 1164 ,

327 1216 333 1233 1
406 1182 694 1252 Displicuit
725 1186 937 1254 placido
969 1196 1080 1255 pax
1115 1188 1174 1240 in
1212 1204 1396 1241 amore
1419 1187 1545 1241 tibi.

332 1268 641 1341 Fallet-'ego
660 1310 676 1336 ‚
716 1286 807 1325 aut
833 1272 1008 1326 virtus
1045 1274 1227 1342 potuit
1262 1274 1362 1328 tibi
1393 1287 1577 1326 neutra
1598 1266 1876 1342 probari,

406 1354 834 1428 Diffimilemque
866 1359 963 1412 tibi
1003 1361 1140 1414 ferre
1171 1360 1381 1414 scelesta
1411 1357 1626 1430 nequis.

334 1438 420 1493 Sic
454 1443 716 1509 premitur
745 1445 876 1497 forti
911 1445 1058 1498 mitis
1094 1445 1376 1499 clementia
1406 1447 1549 1499 bello
1568 1484 1588 1512 ‚

410 1526 496 1581 sie
528 1530 686 1597 lupus
720 1530 778 1583 in
812 1532 1044 1600 placidas
1075 1530 1124 1585 it
1155 1531 1429 1586 violentus
1463 1548 1620 1586 oves.

333 1609 405 1667 At
438 1628 544 1668 vos
568 1651 587 1678 ‚
623 1617 716 1683 qui
745 1616 936 1670 nostris
965 1618 1174 1671 vicinas
1205 1617 1425 1690 iungitis
1461 1620 1643 1687 πάθες

410 1698 566 1751 Sicne
596 1701 745 1755 decet
764 1700 901 1767 just-a
926 1704 1237 1757 credulitate
1257 1705 1376 1774 rapi
1400 1707 1425 1758 ἒ

337 1782 553 1838 Scilicet
580 1786 800 1841 audaces
832 1789 1020 1859 pleffit
1044 1791 1355 1861 Respublica
1390 1792 1531 1847 fures
1558 1811 1578 1848 ε

413 1869 735 1927 Criminibus
768 1876 961 1929 merito
992 1893 1157 1946 poena
1187 1893 1394 1947 reperta
1426 1879 1517 1933 sua
1552 1877 1645 1932 est.

322 1953 466 2010 Non
485 1970 662 2012 tamen
684 1958 880 2015 indiaa
901 1962 1204 2031 pleCiuntur
1228 1964 1447 2018 crimina
1461 1966 1664 2019 ·:causa

330 2073 343 2102 ·,
410 2042 534 2096 Hoc
571 2044 706 2099 Latii
735 2048 1024 2116 prohibent
1048 2051 1259 2119 optima
1293 2050 1410 2117 jura
1431 2050 1559 2105 fori.

334 2127 454 2183 Nos
476 2145 611 2184 vero
645 2132 928 2187 insontes‘
915 2152 1024 2200 jam
1055 2136 1281 2192 dicimur
1313 2142 1497 2194 exules
1533 2138 1678 2202 effe3

412 2216 552 2283 Quis
585 2234 764 2273 tamen
796 2222 1002 2275 audivit
1031 2224 1275 2277 criminis
1313 2225 1417 2280 effe
1456 2243 1616 2281 reos.
1598 2226 1625 2263 ³

342 2302 509 2367 Cuius
544 2305 810 2359 nosturno
843 2308 1056 2361 turbavi
1087 2310 1289 2362 somnia
1315 2315 1519 2368 cantu?

415 2390 587 2459 Cujus
612 2410 721 2465 ego
752 2394 998 2448 inveniar
1025 2394 1086 2449 vi
1118 2395 1324 2465 petiiffe
1357 2398 1501 2451 fores
1523 2397 1549 2449 ἒ

341 2477 498 2530 Anne
532 2495 637 2551 ego
665 2479 969 2549 cujusquam
1000 2483 1241 2535 moechus
1261 2484 1525 2537 connubia
1562 2485 1711 2539 laefi?

423 2565 658 2620 Candida
684 2566 796 2617 sola
816 2583 939 2620 mea
975 2567 1050 2619 est
1067 2606 1083 2631 ,
1116 2568 1350 2624 Candide
1376 2584 1489 2623 tota
1513 2587 1633 2624 mea
1661 2570 1754 2626 est.

343 2653 612 2707 Nimirum
644 2668 747 2706 una
768 2669 899 2706 anus
935 2652 1045 2712 est',
1076 2672 1192 2723 quae
1226 2672 1327 2709 nos
1361 2655 1563 2710 incusat
1592 2659 1826 2712 amorisr

423 2739 477 2791 O
509 2740 691 2792 Venus
725 2742 738 2792 !
773 2756 840 2792 an
872 2739 1043 2791 scelus
1086 2739 1160 2792 est
1191 2757 1389 2795 numen
1419 2758 1592 2796 amare
1629 2758 1779 2795 tuum
1801 2746 1830 2799 ἓ

345 2823 406 2883 si
428 2824 593 2880 scelus
623 2825 730 2881 hoc
750 2863 764 2892 ,
804 2827 1003 2879 coelum
1030 2825 1109 2880 fas
1146 2825 1210 2879 fit
1241 2829 1477 2885 vocitare
1504 2828 1812 2901 scelestum,
