1964 3638
336 203 433 304 36
758 211 947 282 ΤΗ.
1054 215 1461 287 1322AE

578 427 1164 503 'ELEGIA
1246 441 1525 505 VIII.

485 572 1145 643 LU'DOV1co
1218 586 1716 644 vlit-1120.

341 677 528 802 Ur
551 739 723 810 stupet
748 742 934 799 emiffo
964 745 1005 798 fi
1042 745 1162 816 quis
1188 745 1345 803 Iovis
1373 746 1495 817 igne
1519 744 1734 815 petitus
1763 782 1790 814 ‚
1867 752 1903 811 ἵ]

404 827 486 879 Ut
512 827 684 898 stupet
706 829 906 884 insanis
937 833 1121 886 navita
1142 848 1321 902 raptus
1345 833 1493 903 aquis
1518 852 1535 886 z

332 908 425 964 sic
445 909 647 981 stupui,
679 915 962 985 postquam,
981 917 1094 971 dira
1120 934 1174 973 te
1207 922 1351 973 febre
1391 932 1662 973 retentum.

404 999 469 1050 In
494 1000 686 1055 moesto
703 1002 875 1057 didici
898 1020 1093 1073 corpus
1124 1007 1315 1060 habere
1344 1021 1493 1060 toro.

332 1083 484 1160 Quid
499 1087 723 1140 facerem
743 1093 766 1143 ἓ
787 1106 883 1143 nec
901 1105 1015 1142 erat
1033 1091 1188 1145 nobis
1206 1110 1289 1145 ars
1313 1106 1442 1144 nota
1464 1091 1712 1146 medendi
1736 1111 1761 1155 ;

404 1171 519 1224 Nec
537 1210 554 1237 ,
584 1172 625 1225 fi
655 1187 769 1226 tota
804 1176 945 1235 foret
975 1177 1225 1246 cognita,
1255 1191 1367 1231 tuta
1398 1177 1541 1233 satis.

327 1252 485 1325 'Saepe
505 1274 641 1328 ego,
661 1276 782 1313 cum
808 1260 936 1316 vitae
957 1264 1194 1317 medicus
1215 1265 1361 1332 spem
1385 1266 1621 1319 redderet
1642 1283 1840 1339 aegm,

405 1341 574 1395 'Vidi
560 1359 702 1398 mter
728 1348 953 1403 medicas
977 1352 1211 1402 membra
1233 1352 1405 1404 labare
1429 1368 1637 1406 manus.

327 1423 509 1495 Ergo,
531 1431 678 1496 qu‘od
708 1431 891 1493 licuit,
918 1437 1118 1487 coelum
1144 1437 1488 1506 superosque
1489 1453 1735 1507 precatus
1754 1477 1779 1512 ,

403 1514 516 1566 Has
546 1516 690 1584 coepi
719 1518 910 1586 pavida
935 1521 1152 1575 fundere
1184 1537 1363 1576 mente
1393 1540 1618 1591 preces.

326 1597 593 1652 Humane
625 1601 664 1652 fi
697 1620 856 1669 quem
888 1608 1056 1676 tangit
1092 1607 1360 1662 miseratio
1388 1609 1588 1672 sortis3

402 1683 462 1736 Si
489 1701 594 1751 qua
617 1687 790 1752 potest
823 1689 1107 1744 hominum
1140 1708 1353 1765 tangere
1386 1712 1508 1748 cura
1525 1698 1687 1751 Deos
1703 1715 1728 1758 ς

218 1790 225 1797 ’
327 1768 584 1839 Quisquis
607 1773 728 1827 ades
750 1775 1008 1844 Superssm
1028 1817 1046 1843 ‚
1068 1777 1211 1846 justae
1239 1781 1486 1836 miserere
1506 1786 1734 1852 querelae
1757 1802 1782 1844 ι
1809 1786 1818 1793 ’

402 1859 570 1911 Crede
601 1858 734 1911 mihi
755 1894 772 1921 .
800 1862 963 1917 venia
996 1881 1079 1917 res
1113 1866 1248 1919 bene
1277 1867 1432 1937 digna
1461 1883 1553 1922 tua
1587 1870 1680 1926 est.

325 1942 454 1996 Non
486 1960 591 2015 ego
620 1945 839 1999 divitias
871 1949 1068 2017 posco,
1105 1952 1337 2005 Croefive
1366 1955 1594 2019 talenta,

396 2031 525 2084 Non
557 2046 683 2099 peto
717 2033 965 2085 formosa
1000 2034 1248 2106 coniugis
1278 2036 1381 2090 effe
1412 2038 1611 2096 virum.

322 2114 446 2169 Hoc
479 2131 649 2183 peto,
679 2118 719 2172 fi
758 2134 858 2186 qua
894 2119 972 2188 pii
1004 2137 1105 2174 vos
1133 2137 1258 2175 cura
1292 2123 1504 2195 attingit
1536 2126 1774 2200 emotis,-

391 2201 655 2260 Reddatur
689 2203 890 2257 Valido
921 2205 1135 2273 pristina
1169 2209 1280 2260 vita
1312 2226 1458 2263 meo.

317 2285 415 2341 llle
436 2287 544 2351 est,
568 2286 660 2355 qui
683 2289 944 2358 Superum
971 2292 1142 2345 coluit
1164 2292 1423 2349 studiosus
1456 2297 1732 2358 honores.

391 2373 586 2428 Nunc
575 2388 713 2437 jacet
746 2374 806 2428 in
844 2375 975 2429 tristi
1005 2378 1228 2445 pallidus
1254 2379 1347 2433 ille
1377 2396 1523 2435 toro.

319 2457 467 2524 Quid
484 2460 637 2514 dixi.
621 2458 643 2495 ²
665 2460 869 2531 magnis
893 2462 1066 2518 immo
1088 2467 1207 2519 vult
1238 2465 1375 2534 saepe
1397 2469 1662 2537 querelis,

390 2544 554 2610 Quod
589 2546 784 2601 meruit
812 2550 963 2602 nullo
993 2548 1251 2614 crimine,
1278 2552 1423 2619 poffe
1456 2556 1698 2610 mori..

311 2625 557 2695 Jupiter,
582 2631 636 2683 δι
656 2646 716 2684 ιιι
744 2632 914 2697 olim,
938 2650 1050 2688 non
1073 2635 1145 2688 est
1165 2637 1269 2690 hoc
1291 2639 1492 2693 crimen
1505 2643 1762 2714 ,amastis

389 2713 446 2765 Si
472 2714 635 2768 scelus
657 2718 794 2782 hoc,
817 2718 1031 2772 sceleris
1054 2719 1214 2774 fidera
1235 2725 1392 2790 plena
1411 2725 1513 2780 tui.

308 2795 481 2853 Causa
502 2813 680 2857 tamen
703 2803 858 2859 nobis
883 2804 1076 2861 melior
1095 2843 1112 2872 a
1131 2821 1241 2878 quo
1262 2809 1451 2867 castior
1474 2813 1591 2871 haec
1611 2814 1684 2870 est
1701 2833 1723 2876 ι
