1964 3638
274 188 389 253 ἰο
725 187 1393 255 TH.BEZAE

292 290 494 347 CunCta
525 294 676 347 filent
694 335 710 360 ,
742 297 993 364 claroque
1021 296 1217 349 micant
1251 293 1549 348 nitidiffima
1579 293 1770 347 coelo*

293 376 474 430 Sidera
499 397 512 430 ε
545 380 823 448 conspecta
858 396 990 434 tunc
1015 382 1240 434 nuncius
1274 397 1389 434 arce
1417 379 1641 449 quievit
1661 418 1685 444 ,

293 463 359 514 Et
390 479 522 516 mox
540 465 821 518 humanam
845 465 1030 531 (dictu-
1058 466 1337 534 mirabile)
1365 467 1598 519 formam

295 548 533 602 Induirur
556 588 573 611 ,
606 552 850 620 vatisque
880 554 1009 605 latet
1045 553 1137 605 fub
1169 551 1406 622 imagine
1433 551 1657 603 Nathan
1676 567 1701 610 ⁰,

296 633 448 687 Iratis
480 637 664 689 ardens
696 638 866 691 oculis
888 677 903 700 ,
930 641 1197 707 vultuque·
1221 637 1454 702 minaci,

297 719 386 774 Sic
418 721 624 797 medios
659 722 799 775 inter
832 724 1056 776 somnos·
1083 725 1461 792 reprehendere
1488 721 1719 775 crimen

299 805 499 872 VisuS,
535 809 587 860 ἃ
619 808 837 879 ingratae
865 810 1033 862 scelus
1061 811 1379 878 exprobrare
1402 808 1651 862 senectae.

375 894 552 957 Tene,
574 894 647 947 ait
665 934 680 957 ,
701 895 737 947 ὃ
757 912 939 963 regum
960 912 1058 948 rex
1074 895 1287 963 peffime
1304 935 1319 960 ‚
1346 910 1468 948 tene
1491 893 1759 963 quietem

301 979 770 1048 Ducere‚quem,ad
782 997 996 1049 poenam
1008 981 1232 1049 poscunt
1245 998 1342 1049 pro
1356 979 1690 1034 immanibus
1708 977 1857 1032 aufis

305 1063 520 1117 Tartara
543 1064 564 1114 ?
584 1066 669 1116 Sic
689 1064 852 1134 igitur
868 1080 1078 1133 turpem
1103 1066 1371 1118 traducere
1391 1065 1561 1117 vitam

306 1150 601 1218 Amplexus
623 1152 827 1203 medios
850 1151 991 1203 inter
1010 1190 1027 1214 ‚
1053 1150 1378 1220 geminoque
1394 1164 1698 1204 nocentem

314 1235 556 1290 Crimine
579 1276 595 1301 ‚
619 1240 882 1290 coelorum
900 1238 978 1290 fas
1001 1235 1074 1289 est
1094 1253 1338 1290 convexa
1358 1237 1494 1290 tueri
1517 1236 1540 1287 ἓ

311 1323 424 1388 Qui
448 1324 627 1376 Divos
641 1362 659 1388 ,
685 1323 777 1393 qui
799 1339 851 1376 te
869 1363 886 1386 ,
910 1324 1268 1394 patriamque,
1289 1323 1515 1391 tuosque
1534 1319 1826 1374 scelestus»

311 1408 610 1462 Prodideris
631 1447 647 1472 ,
669 1427 767 1463 nec
787 1425 847 1463 tu
867 1412 1112 1464 somnum
1130 1446 1147 1468 ,
1174 1410 1403 1480 leel‘ique
1426 1409 1641 1476 superbi

311 1493 550 1547 Delicias
577 1495 791 1564 linques
815 1495 1019 1549 Divum
1043 1510 1301 1549 venturus
1327 1497 1391 1548 ad
1420 1512 1532 1548 aras
1555 1497 1579 1550 ἓ
1609 1514 1615 1519 ·

311 1580 478 1649 Atqui
506 1596 713 1649 tempus
737 1583 867 1647 erit,
891 1599 1092 1636 moneo
1110 1621 1125 1647 ,
1145 1600 1266 1635 cum
1289 1585 1429 1635 caede
1454 1597 1686 1634 tuorum

315 1666 435 1732 Ipse
465 1669 652 1721 oculos
679 1667 891 1734 pasces,
921 1669 1156 1736 bellique
1178 1667 1461 1721 domestica
1493 1666 1718 1736 surgent

316 1749 530 1801 Semina
550 1784 566 1810 ‚
602 1750 656 1804 &
685 1750 905 1804 incestus
925 1789 942 1815 ,
966 1752 1020 1804 &
1046 1753 1264 1807 fratrum
1291 1754 1513 1805 vulnera
1541 1767 1761 1804 cernes.

316 1836 405 1890 Tu
425 1839 588 1891 modo
612 1838 765 1892 flecte
785 1839 932 1892 Deos
952 1840 1258 1909 lachrymis.
1281 1839 1364 1892 Sic
1385 1839 1477 1891 ille
1499 1841 1716 1892 locutus
1735 1875 1758 1903 2

316 1922 568 1975 Protinus
596 1924 651 1977 in
682 1939 862 1977 tenues
895 1925 1103 1995 fugiens
1133 1926 1353 1978 evanuit
1378 1942 1549 1977 auras.

318 2009 392 2064 At
419 2008 600 2062 David
628 2010 849 2063 monitis
869 2048 884 2072 ‚
917 2011 969 2062 δε
992 2012 1129 2063 clara
1157 2026 1295 2063 voce
1324 2012 1572 2062 Deorum

318 2095 598 2150 Attonitus
622 2135 638 2160 ‚
662 2112 804 2150 nunc
834 2096 1042 2150 invisos
1074 2096 1279 2149 accusat
1308 2112 1516 2149 amores
1536 2132 1556 2154 ,

318 2182 479 2234 Nunc
506 2178 650 2245 iuffae
680 2180 927 2235 meminit
949 2182 1139 2234 mortis
1161 2218 1175 2244 ,
1204 2182 1510 2250 crimenque
1541 2182 1749 2235 fatetur

322 2265 608 2321 Conscius.
638 2267 776 2336 Ergo
809 2280 940 2319 toro.
970 2266 1109 2335 vigil
1133 2265 1321 2331 exilit,
1358 2268 1412 2320 &
1440 2268 1531 2320 sua
1558 2269 1761 2337 pugnis

321 2350 542 2406 Perra
559 2353 910 2418 contundens,
921 2353 1520 2422 sceptrumq3,aulamq;‚
1530 2368 1852 2422 coronaqu

323 2437 526 2507 Abiicit
543 2474 560 2497 ,
578 2441 646 2493 ⁷&
681 2454 853 2508 partes
882 2440 1115 2492 animum
1141 2439 1414 2493 convertit
1442 2438 1501 2490 in
1525 2456 1720 2494 omnes
1743 2459 1764 2495 a

324 2528 404 2579 Ut
430 2526 610 2596 Libyae
640 2527 680 2582 fi
709 2526 835 2593 quis.
856 2525 1083 2577 fitientia
1114 2541 1232 2579 rura
1257 2524 1437 2577 viator

326 2610 473 2665 Dum
505 2610 641 2680 petit
658 2649 674 2675 ‚
711 2611 770 2664 in
795 2609 985 2662 mediis
1009 2609 1204 2661 saevam
1232 2609 1518 2677 conspexit
1539 2610 1716 2664 arenis

328 2696 549 2772 Tigrida
570 2699 691 2762 ‚vel
717 2693 935 2751 maculis
965 2694 1268 2749 distinctum.
1288 2708 1432 2763 terga
1464 2695 1780 2760 draconem,

328 2782 532 2856 Horret
554 2784 618 2839 ad
639 2781 904 2857 aspectum
923 2779 1156 2855 trepidus
1171 2819 1187 2848 ,
1203 2794 1545 2856 coeptumque
1562 2781 1818 2858 relinquit
