1964 3638
540 236 1132 303 Ezfiotffi.
1469 254 1601 328 139

96 341 385 413 Magnarum
410 344 629 398 securus
660 361 826 413 opum
849 381 864 407 ,
886 345 1098 397 securus
1117 343 1387 396 honorum
1406 377 1424 406 ,

153 429 340 485 Omnia
370 432 673 501 despiciens
692 470 709 496 ,
737 449 855 501 quae
879 434 1004 484 leve
1029 433 1220 500 vulgus
1256 445 1398 484 amat
1420 447 1442 492 ς

95 515 169 570 llle
186 520 340 572 etiam
365 520 611 572 summos
637 520 806 570 audax
832 532 1178 572 contemnere
1201 533 1352 588 reges
1366 552 1386 580 ,

154 606 358 677 Praeque
380 608 476 660 sua
500 606 725 660 miseros
749 604 1062 658 conditione
1088 619 1301 674 putans.
1447 602 1452 606 ’

102 690 246 747 Castra
266 693 463 757 iuvent
485 693 621 746 alios
641 731 657 756 ‚
678 693 908 762 bellique
930 692 1215 746 inamabile
1238 707 1512 754 murmur,

155 779 403 849 Miffaque
424 798 541 834 non
564 780 705 833 ficcae
725 797 950 848 corpora
966 782 1131 833 multa
1156 780 1309 840 neciz

97 862 240 927 Queis
264 866 436 934 rapiat
463 866 650 933 primae
673 881 887 919 teneros
919 866 1184 937 lanuginis
1205 881 1403 930 annos,

158 950 523 1021 Acceleretque
551 952 702 1006 suum
726 953 883 1005 Parca
908 953 1093 1005 severa
1114 953 1277 1007 diem.

104 1035 317 1091 Gaudeat
334 1039 435 1097 hic
467 1039 691 1092 miseros
724 1038 867 1091 inter
894 1041 1120 1094 clamare
1151 1037 1369 1092 clientes
1387 1074 1407 1102 ,

160 1124 215 1176 Et
236 1123 460 1193 pavidos
488 1126 624 1179 duro
656 1140 849 1178 terreat
878 1142 973 1178 ore
1005 1140 1147 1178 reos.

102 1195 184 1261 Ille
210 1212 349 1266 adeat
378 1227 546 1265 terras
583 1211 691 1264 alio
730 1212 823 1264 sub
853 1210 962 1263 sole
993 1214 1226 1264 calentes
1244 1250 1263 1276 ,

164 1295 455 1367 Littoraque
478 1297 723 1350 insti-neh
753 1297 981 1366 plurima
1015 1296 1169 1351 claffe
1196 1300 1338 1367 legat
1358 1313 1377 1349 t

108 1380 198 1433 Seu
217 1383 340 1437 ferat
363 1386 651 1438 Herculeas
675 1383 884 1435 animus
910 1381 1144 1450 spestare
1164 1387 1437 1438 columnas
1452 1421 1471 1448 ‚

166 1466 261 1519 Seu
283 1469 412 1522 ferat
439 1470 674 1526 annosos
707 1469 784 1522 ire
815 1470 880 1522 ad
910 1470 1316 1538 Hyperboreos.

106 1550 267 1606 Durus
287 1592 304 1617 ,
320 1555 409 1624 qui
430 1555 606 1625 fragili
630 1555 801 1609 vitam
823 1555 1163 1610 committere
1182 1555 1335 1627 ligno

170 1640 330 1694 Audet
348 1681 364 1706 ‚
386 1643 437 1694 &
456 1642 668 1713 ignotas
692 1642 924 1711 aequoris
950 1642 1030 1695 ire
1064 1642 1182 1697 vias
1207 1662 1225 1706 5

112 1724 216 1777 Nec
234 1725 377 1786 timet
396 1727 612 1792 inverso
635 1730 958 1790 decumanos
981 1746 1248 1784 marmore
1269 1727 1461 1784 flustus
1477 1766 1498 1798 ‚

175 1809 479 1883 Secutusque
503 1811 670 1868 animi
693 1815 943 1884 squamea
961 1814 1193 1869 monstra
1216 1816 1387 1875 videt.

110 1897 317 1953 Non‘fic
341 1901 509 1955 divini
537 1900 806 1954 mitiffima
839 1901 1053 1971 peaora
1075 1918 1225 1957 vates
1243 1943 1260 1969 ,

181 1983 412 2041 AEthereo
439 2005 668 2057 quorum
696 1987 912 2042 flamine
949 1991 1108 2057 corda
1138 1992 1346 2045 calent:

121 2067 237 2123 Otia
262 2072 506 2127 seQantur
535 2075 625 2128 sed
659 2075 801 2128 enim
820 2113 836 2140 ,
858 2074 1154 2146 tacitosque
1176 2077 1397 2131 receffus
1415 2116 1435 2144 ,

183 2156 241 2206 Et
262 2156 342 2221 sua
368 2158 619 2229 neglestis
645 2159 861 2213 urbibus
891 2177 1018 2212 arva
1047 2163 1261 2220 colunt3

118 2239 470 2316 splendidaque
502 2247 557 2298 &
582 2247 755 2300 multo
778 2245 1057 2316 speehnda
1089 2247 1281 2315 palatia
1313 2248 1446 2300 luxu

179 2327 554 2394 Contemnunt,
580 2334 809 2387 humiles
837 2332 1241 2400 anteferuntque
1266 2333 1427 2386 casas.

116 2414 215 2470 ulie
249 2419 298 2471 &
321 2419 510 2473 ficcant
537 2421 799 2490 generoso
832 2421 994 2487 plena
1023 2418 1191 2488 Lyaeo

177 2503 356 2559 Pocula
386 2507 615 2560 Bistonia
643 2503 920 2576 frigidiora
950 2501 1123 2564 πίνω

116 2587 170 2639 Et
198 2589 235 2641 fi
260 2591 430 2646 nescio
459 2592 586 2662 quid
601 2629 619 2656 ,
643 2592 734 2645 seu
761 2593 920 2645 vultu
949 2588 1143 2644 ancilla
1172 2589 1396 2655 sereno,

181 2675 274 2728 Seu
303 2695 409 2732 non
436 2678 683 2733 informis
714 2675 898 2731 villica
932 2674 1176 2747 pollicita
1209 2675 1283 2730 est
1304 2714 1321 2740 ‚

121 2758 340 2818 Protinus
359 2781 414 2820 ut
434 2781 584 2837 capra
606 2766 820 2819 reduces
841 2781 912 2818 ex
931 2765 1060 2819 urbe
1081 2761 1428 2831 triumphant.

179 2848 228 2903 0
249 2854 261 2905 !
284 2852 553 2907 hominum
581 2852 714 2908 felix
736 2866 920 2923 terque
943 2864 1232 2925 quaterque
1261 2856 1460 2923 genus!
