1964 3638
255 233 396 304 ²44
591 209 1783 395 J.Sz:cvnbt.·§h

319 324 519 379 Indixit
537 327 679 397 leges
703 327 755 380 δε
773 325 868 380 fibi
891 328 1115 398 quisque
1136 344 1345 385 novas·

248 412 460 469 Scilicet
487 427 558 466 ex
585 412 682 466 illo
709 413 865 466 senfit
886 413 1037 468 fera
1023 432 1178 480 jura,
1207 413 1452 484 jacetque

321 500 505 552 Clausa
530 501 719 568 pedem
750 501 877 552 dura
913 502 1171 570 compede
1198 502 1347 554 serva
1361 501 1616 562 Venus.=

244 585 498 640 Mortales
530 586 714 640 sceleri
738 587 882 657 leges
918 587 1238 655 prescribite
1264 583 1444 639 vestro
1466 624 1489 653 ,

315 670 603 723 Innocuam
631 670 832 725 vinclis
859 687 957 723 nec
987 670 1234 725 cohibete
1266 673 1443 724 deam.

240 755 326 808 An
355 754 477 825 quia
501 754 806 810 Lemniacis
831 756 992 811 semel
1013 755 1087 810 est
1118 757 1262 810 elusa
1293 754 1497 811 catenis
1516 781 1553 827 o*

312 840 497 914 Digna
526 841 630 895 erit
658 859 691 896 a
722 840 883 896 vobis
908 858 1028 912 qua
1053 841 1300 912 graviora
1332 842 1470 896 ferat
1493 846 1525 898 ἒ

239 929 514 1001 Tempora
532 967 548 993 ‚
570 927 613 982 fi
636 929 712 982 fas
744 926 819 981 est
840 965 857 992 ,
880 926 1073 982 iterum
1096 927 1352 997 primaeva
1372 929 1563 984 redite
1586 968 1618 997 ,

313 1014 677 1084 falciferoque
702 1012 894 1067 iterum
919 1013 1012 1067 sub
1031 1014 1167 1068 Sene
1185 1015 1410 1068 mundus
1435 1029 1558 1068 eat.

236 1098 412 1155 Inscia
431 1115 558 1153 tunc
589 1098 734 1152 rastri
750 1136 767 1163 ‚
791 1112 918 1152 tunc
944 1099 1184 1153 vomeris
1215 1099 1379 1153 inscia
1413 1100 1592 1175 curvi
1618 1109 1651 1170 ,⁸

315 1189 520 1258 Sponte
553 1186 643 1240 sua
668 1185 896 1258 segetem
926 1199 1067 1240 terra
1088 1181 1315 1256 benigna
1346 1185 1488 1239 feret
1509 1203 1542 1247 3

239 1274 309 1326 Et
338 1286 582 1342 repetent
613 1269 807 1326 iterum
838 1271 1062 1328 desertas
1085 1272 1309 1326 numina
1338 1285 1509 1326 terras
1539 1306 1566 1336 ‚

314 1361 382 1413 Et
409 1360 585 1424 fruar,
613 1374 651 1412 o
676 1361 690 1414 ἱ
713 1360 935 1429 longum
962 1370 1110 1412 tutus
1144 1373 1328 1412 amore
1362 1373 1517 1412 meo.

237 1446 449 1500 Interea
478 1444 574 1515 qui
593 1445 730 1499 falce
755 1459 901 1498 meas
933 1441 1187 1497 invadere
1212 1440 1400 1497 meffes

313 1533 485 1586 Ausus
513 1548 571 1585 es
590 1566 606 1593 ‚
637 1545 696 1588 ut
723 1543 863 1584 voto
886 1527 995 1595 iam
1022 1528 1233 1599 potiare
1264 1543 1361 1582 tuo
1378 1546 1397 1582 t

239 1617 464 1673 Affiduis
494 1616 707 1670 versuta
733 1615 873 1668 dolis
900 1629 956 1670 te
991 1616 1157 1670 rideat
1183 1615 1312 1682 illa,

312 1706 430 1757 Nec
456 1701 557 1754 tibi
586 1715 878 1771 componat
911 1701 965 1756 se
984 1740 1000 1766 ‚
1031 1703 1329 1773 faciemque
1360 1702 1506 1758 suam
1527 1723 1555 1767 ς

192 1794 202 1804 “
238 1792 343 1848 sed
370 1789 629 1858 iuvenum
661 1787 909 1861 gregibus
939 1787 1137 1844 studeat
1166 1790 1397 1845 formosa
1428 1791 1640 1849 videri
1671 1808 1701 1864 ,'

314 1877 401 1931 Sic
434 1876 595 1931 miser
613 1915 630 1941 ,
658 1877 712 1930 δι
741 1874 876 1929 nulli
902 1875 1345 1931 commiserandus
1375 1878 1506 1932 eris·

238 1964 457 2035 Quippe
481 1979 582 2016 nec
612 1961 891 2035 indignum
912 1959 1089 2015 feciffe
1109 1963 1377 2033 putabitur
1397 1963 1520 2029 illi,

312 2051 372 2105 Si
395 2048 536 2122 fugit
561 2051 838 2120 amplexus
865 2049 1001 2102 bella
1030 2052 1207 2118 puella
1234 2062 1393 2105 tuos=

239 2138 304 2194 si
329 2138 466 2210 fugit
493 2139 630 2191 hanc
660 2134 851 2190 faciem
884 2137 1094 2205 qualem
1127 2136 1328 2190 Medaea
1347 2138 1578 2210 gerebat
1594 2148 1626 2208 5

315 2227 377 2279 ln
404 2238 559 2279 natos
592 2221 767 2295 gladio
799 2237 920 2275 cum
956 2221 1160 2275 ruitura
1181 2221 1344 2281 stetit.

240 2315 397 2367 Hanc
416 2326 595 2365 tamen
618 2309 708 2363 illa
737 2307 906 2378 potest
925 2322 1115 2377 pacato
1137 2325 1354 2364 cernere
1373 2313 1531 2365 vultu
1554 2319 1585 2378 g

316 2401 430 2453 Nec
450 2396 632 2467 spuit?
654 2393 876 2448 obducta
893 2410 993 2448 nec
1012 2394 1148 2465 tegit
1171 2412 1267 2449 ora
1295 2412 1456 2450 manu
1474 2401 1499 2452 ἓ
1536 2401 1543 2407 ’

242 2486 395 2537 Hanc
413 2481 642 2552 sp'eQare
659 2495 814 2548 potes
834 2482 857 2533 ἒ
879 2496 1073 2550 corpus
1095 2479 1251 2549 potes
1270 2481 1401 2535 illud
1418 2499 1626 2540 amare

317 2572 346 2626 J
351 2570 460 2624 ulia
486 2569 509 2621 ἒ
538 2568 626 2623 sed
650 2566 853 2636 capitur
875 2605 890 2632 ‚
913 2566 1046 2621 dicis
1063 2604 1082 2629 ,
1104 2567 1284 2621 amore
1311 2567 1440 2623 mei.

242 2660 373 2711 Non
400 2658 640 2712 ardenter
665 2667 838 2717 amat,
873 2654 927 2706 δι
957 2668 1098 2707 amat
1119 2671 1231 2708 non
1261 2655 1452 2726 dignus
1487 2659 1708 2733 amari,
1804 2672 1823 2681 ⁹

318 2744 385 2793 Et
415 2743 535 2795 sunt
562 2741 710 2795 mille
744 2739 871 2799 alii,
904 2739 1043 2809 quos
1076 2754 1166 2794 tua
1200 2742 1369 2796 forma
1401 2743 1576 2813 rapit.

201 2897 206 2899 ‚
246 2832 471 2899 Jamque
502 2828 644 2885 diem
668 2827 834 2885 video
862 2842 1268 2900 properantem,
1290 2844 1412 2884 cum
1432 2844 1572 2888 tuus
1598 2832 1695 2893 ini
1806 2842 1828 2852 ⁴
