1964 3638
66 200 1599 361 ssffiffiffiaeffiffiae·

176 454 1506 550 EPISTOLARUM

439 644 1263 721 LIBELLUS.

81 830 223 898 ΑΙ)
279 790 866 898 ΝιοοιᾸυΜ
921 835 1618 907 νιεΝΝΕΝεΕΜ

622 957 1074 1012 Εειετοιᾼ.

92 1066 424 1186 Iuenna
447 1129 711 1187 nobilium
728 1132 969 1199 soboles,
992 1131 1246 1197 Nicone,
1270 1134 1545 1203 parentum
1564 1134 1589 1205 ,³

91 1215 198 1282 Qui
230 1217 344 1282 iam
373 1235 514 1272 nunc
546 1218 665 1288 ipso
689 1235 762 1274 ex
785 1221 959 1273 aetatis
991 1219 1181 1273 limine
1213 1220 1357 1290 figna

97 1303 326 1360 Virtutis
357 1308 560 1375 praebes
589 1307 746 1360 nobis
780 1306 1052 1359 manifesta
1077 1307 1264 1360 futurae
1283 1344 1303 1371 ‚

94 1389 366 1446 Nimirum
399 1392 570 1461 sapis,
605 1394 657 1445 δι
690 1409 803 1445 rem
834 1391 976 1445 reete
1005 1390 1263 1462 intelligis
1303 1409 1480 1451 unust

97 1478 203 1546 Qui
230 1480 366 1534 licet
393 1479 628 1550 antiquis
652 1495 804 1533 ortus
827 1479 1089 1532 natalibus
1109 1517 1126 1543 ‚
1145 1480 1283 1532 haud
1305 1493 1358 1534 te

98 1569 233 1621 Ante
256 1583 440 1622 tamen
463 1567 625 1636 ponis
648 1566 869 1636 reliquis
884 1603 904 1625 ,
923 1566 1014 1619 sed
1033 1566 1210 1619 fronte
1231 1566 1464 1621 modesta

100 1654 404 1726 Alloqueris
424 1654 648 1708 cunctos
669 1694 686 1720 ‚
705 1657 967 1723 vultuque
990 1654 1249 1708 humanus
1272 1653 1446 1709 amico
1462 1691 1481 1721 ,

99 1743 218 1796 Non
240 1744 345 1797 ulli
369 1741 553 1796 renuis
576 1745 815 1809 dextram
836 1742 1068 1810 praebere
1098 1739 1331 1797 fidelem.

165 1831 237 1885 At
257 1830 478 1902 quidam
501 1844 686 1883 contra
706 1828 866 1881 nullis
891 1826 1180 1892 maioribus
1210 1829 1318 1882 orti
1337 1868 1357 1894 ,

104 1915 210 1971 Ore
225 1935 415 1973 tamen
447 1917 654 1970 tumido
674 1931 842 1968 voees
864 1914 1045 1967 efflare
1068 1907 1314 1983 superbas
1334 1955 1355 1981 ,

106 2001 455 2074 AEqualesque
477 2004 599 2056 suos
621 2004 815 2055 audent
834 2017 1177 2055 contemnere
1194 2041 1213 2068 ‚
1235 2017 1491 2073 tanquam

105 2087 357 2162 Indignos
380 2090 531 2159 queis
556 2090 609 2142 se
631 2089 685 2142 se
702 2087 892 2157 aequali
912 2088 1115 2141 foedere
1138 2087 1381 2160 jungant.

105 2176 254 2242 Quos
282 2192 349 2229 tu
386 2176 630 2230 deridens
647 2214 664 2239 ,
703 2174 843 2228 inter
873 2173 1008 2226 nihil
1034 2173 1170 2237 effe,
1195 2189 1413 2242 parente

107 2263 228 2329 Quo
248 2263 321 2317 fit
344 2264 566 2333 quisque
594 2276 796 2315 creatus
812 2299 831 2326 ‚
853 2260 931 2313 ais
954 2297 971 2324 ‚
1001 2261 1125 2312 dum
1149 2258 1212 2311 fit
1231 2261 1394 2313 modo
1418 2277 1563 2316 vera

108 2348 338 2405 Virtutis
366 2348 625 2403 studiosus
640 2387 656 2413 ‚
679 2363 926 2416 ametque
952 2346 1012 2398 in
1031 2347 1187 2398 rebus
1204 2345 1440 2401 honestis

108 2434 316 2492 Ponere
339 2437 566 2491 labentis
589 2436 763 2491 fatalia
793 2448 1040 2501 tempora
1069 2431 1219 2486 vitre.
1484 2496 1488 2500 ¹

167 2526 286 2581 Cui
311 2542 426 2578 non
448 2524 670 2578 Sicaniae
692 2537 858 2576 notus
878 2519 1187 2573 dominator
1207 2517 1444 2587 opima-,¹

109 2610 212 2678 Qui
247 2614 320 2665 de
350 2610 538 2681 figlina
564 2611 638 2665 est
666 2610 730 2662 ad
757 2606 909 2678 regni
938 2605 1156 2660 evessus
1190 2606 1417 2660 habenas
1437 2609 1463 2662 ἓ

107 2692 175 2750 'At
205 2713 404 2753 contra
428 2696 633 2763 Persei,
662 2694 755 2765 qui
788 2696 981 2747 claram
1013 2708 1221 2746 rexerat
1253 2692 1390 2746 olim

109 2784 359 2841 Pallenen
380 2823 397 2849 ‚
427 2800 579 2837 natus
598 2823 615 2849 ‚
650 2784 876 2837 fortunae
907 2778 1192 2832 ludibrium
1209 2817 1226 2846 ,
1259 2781 1467 2852 amplos

106 2869 330 2928 Inflabat
354 2872 513 2928 folles
548 2890 565 2926 ε
595 2871 649 2927 δι
673 2868 819 2940 regis
853 2865 1034 2940 filius,
1056 2869 1198 2922 unco
1305 2890 1308 2893 ⁴
1344 2897 1349 2904 ·
